3459 5300
981 391 1170 446 1628.
1195 396 1458 444 ιιΑτόκᾸαι
1493 397 1854 445 ‚nnuma-esna.
2417 391 2540 444 205

761 635 984 700 Thura
1019 635 1177 722 yroff
1204 634 1384 698 leveze
1421 635 1682 698 Bethlem
1718 635 2063 700 Gdborhoz.

490 795 552 860 A
585 807 758 882 tei-90
779 821 799 860 :
851 796 1056 882 Copia
1106 797 1476 862 litterarum
1531 796 1805 862 Comitis
1856 819 1897 861 a
1946 797 2143 862 Turri
2186 798 2269 862 ad
2306 797 2549 865 Sermum

279 886 648 971 Principem
683 888 1197 955 Transilvanum.

493 1013 690 1080 Ser-¹0
739 1015 882 1080 Rex
914 1015 1228 1099 Princeps
1261 1035 1338 1080 ac
1369 1015 1492 1080 ])“ιθ
1543 1014 2022 1098 gratiosissime.

489 1105 902 1171 Desiderium
925 1113 1118 1188 atque
1140 1105 1420 1171 studium
1443 1103 1775 1169 humilime
1797 1103 2181 1168 inserviendi
2204 1104 2279 1169 M
2282 1105 2539 1168 aiestati
2614 1139 2628 1147 ·

277 1193 418 1260 Vm·
469 1203 546 1260 ut
571 1201 722 1260 ante
755 1197 878 1262 hac
909 1217 1158 1280 semper
1191 1195 1736 1278 flagrantissmum
1780 1195 1871 1258 ita
1904 1216 2074 1259 nunc
2105 1193 2545 1258 recentissima

275 1293 338 1349 et
401 1286 874 1368 gratiosissima
923 1288 1048 1350 mei
1093 1285 1532 1351 recordatione
1583 1285 2105 1352 ardentissimum
2145 1292 2242 1347 est
2295 1286 2547 1367 eritque

277 1398 548 1460 semper,
579 1377 672 1440 nil
735 1383 870 1442 tam
933 1375 1192 1442 difficile
1242 1382 1438 1458 atque
1501 1374 1775 1440 arduum
1835 1375 2129 1440 iudicans
2196 1373 2369 1456 quod
2430 1395 2544 1439 ceu

277 1465 481 1532 fidelis
534 1489 756 1532 servus
805 1467 1030 1550 agredi
1093 1467 1311 1532 debita
1372 1487 1516 1531 cum
1577 1465 1941 1531 reverentia
2003 1486 2129 1530 non
2192 1466 2399 1528 ausim
2447 1464 2545 1528 vel

276 1556 564 1635 debeam,
595 1564 662 1622 et
693 1557 948 1640 quidem
988 1562 1172 1622 tanto
1223 1555 1602 1641 promptius,
1652 1561 1895 1638 quanto
1945 1577 2091 1620 vere
2122 1554 2449 1621 heroicum
2482 1563 2547 1619 et

277 1669 658 1729 generosum
681 1649 966 1713 animum
979 1647 1351 1731 Majestatis
1363 1643 1508 1713 Vm
1529 1667 1654 1711 non
1677 1647 1803 1711 nisi
1824 1647 1907 1712 ad
1928 1645 2267 1729 erigendos
2285 1665 2545 1729 oppres-

273 1759 374 1802 sos
407 1744 474 1803 et
523 1737 946 1803 conterendos
999 1737 1148 1802 boni
1179 1737 1419 1822 publici
1453 1737 1669 1802 hostes
1701 1738 2013 1802 inclinare
2045 1742 2111 1801 et
2144 1735 2544 1819 propendere

273 1837 448 1894 certo
479 1829 722 1894 certius
753 1849 1081 1912 cognosco.

485 1919 742 1984 Idcirco
770 1919 1240 2002 graciosissimo
1265 1917 1573 1982 mandato
1595 1939 1737 1982 cum
1762 1917 2205 1982 commissione
2225 1921 2290 1980 et
2307 1915 2543 1980 litteris

275 2030 480 2092 nuper
499 2031 544 2073 a
563 2009 916 2092 Majestate
941 2008 1060 2076 V¹²
1093 2008 1370 2092 receptis
1404 2009 1590 2074 unice
1623 2008 2072 2091 obtemperare
2104 2013 2170 2072 et
2200 2005 2545 2070 effectuare

273 2099 626 2179 contendi3
671 2119 891 2164 verum
942 2099 1240 2164 assiduae
1291 2106 1356 2162 et
1407 2097 1821 2181 quotidianae
1870 2103 2054 2161 tanto
2096 2104 2229 2161 tam
2262 2095 2545 2168 exercitu

273 2210 468 2254 curae
503 2197 702 2272 atque
741 2190 1194 2273 occupationes
1243 2187 1694 2253 ardentissimo
1727 2188 1985 2251 conatui
2020 2186 2293 2251 obviare.
2324 2184 2547 2250 Nichi-

274 2280 558 2345 lominus
591 2286 807 2344 tamen
837 2279 1080 2363 absque
1111 2279 1284 2344 omni
1309 2278 1890 2362 procrastinatione
1923 2276 2179 2360 singula
2209 2277 2387 2342 Exm⁰
2419 2274 2547 2339 1)ῐιο

273 2365 590 2435 Generali
636 2391 780 2434 meo
831 2371 1108 2454 primum
1141 2369 1669 2451 communicatae,
1733 2368 1995 2433 tandem
2042 2367 2337 2432 omnibus
2400 2387 2543 2430 cum

273 2459 600 2543 requisitis
619 2459 933 2527 Venetiae
966 2462 1094 2526 cito
1125 2465 1190 2524 et
1221 2480 1442 2524 secure
1477 2459 1911 2536 transmissae,
1944 2479 2021 2522 ac
2040 2456 2357 2522 indefessa
2389 2478 2544 2521 cura

271 2571 346 2615 ac
397 2550 617 2616 studio
668 2556 924 2616 tantum
974 2550 1331 2636 impetravi,
1384 2557 1456 2614 ut
1503 2571 1630 2614 non
1681 2549 1872 2614 modo
1920 2549 1987 2612 in
2037 2548 2291 2628 nomine
2324 2545 2544 2612 Seren.

273 2640 460 2725 Reip.
510 2639 746 2707 afferre
795 2641 908 2707 sed
957 2647 1022 2707 et
1075 2650 1250 2707 certo
1300 2639 1576 2725 Majes¹¹⁸
1626 2639 1771 2707 Vm·
1803 2639 2133 2706 heroicum
2174 2661 2249 2705 ac
2279 2639 2545 2723 intrepi-

270 2731 419 2797 dum
451 2732 764 2811 animum,
785 2732 1176 2816 singularem
1210 2732 1277 2797 in
1310 2731 1500 2796 rebus
1533 2730 1830 2815 gerendis
1870 2729 2285 2814 prudentiam
2315 2728 2541 2794 arden·

271 2824 518 2887 tissime
573 2844 614 2887 a
655 2821 1080 2889 Serenissima
1129 2822 1490 2906 Republica
1543 2822 1768 2900 amari,
1834 2874 1846 2886 .
1898 2873 1909 2885 .
1960 2874 1972 2886 .
2024 2822 2298 2886 ‚tissime
2348 2819 2543 2884 hono·

273 2915 422 2989 rari,
449 2913 806 2977 amicitiam
859 2934 1104 2979 summe
1147 2913 1519 2989 existimari,
1569 2912 1809 2977 bonum
1843 2910 2147 2977 affectum
2178 2917 2377 2992 atque
2410 2931 2545 2975 cor--

275 3003 795 3087 respondentiam
858 3004 1301 3080 sincerissime,
1365 3007 1742 3085 magnatum
1808 3000 2123 3085 applausu
2192 2999 2542 3083 approbari

277 3100 340 3156 et
389 3093 778 3171 confirmari,
828 3115 1199 3159 assecurare
1238 3093 1446 3159 ausim
1497 3100 1562 3155 et
1610 3094 1867 3176 possim.
1920 3093 2001 3157 In
2052 3091 2276 3174 primis
2326 3098 2541 3154 autem

275 3185 650 3265 gratissima
693 3190 760 3247 et
807 3184 1252 3268 acceptissima
1303 3190 1401 3247 est
1449 3184 1698 3266 eritque
1760 3181 2255 3247 communicatio
2310 3185 2377 3245 et
2406 3180 2542 3244 eius

273 3274 670 3339 continuatio
703 3294 942 3353 eorum,
961 3296 1130 3357 quae
1161 3294 1236 3337 eo
1267 3274 1406 3339 loco
1426 3274 1596 3338 inter
1615 3272 1951 3357 Principes
1977 3276 2359 3353 tractantur,
2380 3270 2543 3335 fiunt

275 3363 574 3448 fientque.
606 3364 799 3430 Unde
833 3369 1020 3430 tanto
1051 3364 1258 3449 major
1277 3386 1424 3448 spes
1457 3362 1809 3428 felicissimi
1846 3383 2173 3427 successus
2206 3360 2543 3433 excitatur,

273 3462 514 3536 quanto
545 3476 584 3519 a
615 3456 824 3537 magis
855 3454 1155 3533 cordatis,
1204 3453 1628 3538 prudentibus
1677 3454 2078 3535 heroicisque
2127 3450 2541 3535 Principibus

275 3566 408 3609 rem
439 3566 830 3629 promanare
863 3550 1152 3625 constat3
1183 3543 1462 3609 maxime
1492 3550 1708 3607 autem
1744 3543 2289 3607 contentissimam
2321 3538 2542 3605 Seren.

275 3634 766 3739 Rempublicam
779 3635 1008 3719 reperi,
1021 3634 1192 3718 quod
1209 3635 1474 3699 tantain
1497 3655 1712 3699 rerum
1731 3633 2099 3698 confusione
2117 3631 2305 3716 plene
2327 3630 2543 3735 plane-

277 3747 398 3807 que
432 3726 714 3809 primum
735 3726 816 3791 de
847 3746 1096 3791 summa
1127 3725 1222 3789 rei
1255 3724 1481 3789 edocta
1513 3726 1614 3804 sit,
1647 3746 1889 3801 secura,
1916 3724 2087 3807 quod
2120 3723 2277 3786 haec
2309 3724 2541 3800 omnia,

275 3822 344 3879 ut
393 3816 474 3879 ad
521 3815 992 3900 amplissimam
1044 3836 1374 3897 nunquam
1427 3816 1909 3880 intermorituro
1960 3812 2201 3877 nomini
2255 3810 2391 3878 M'f·
2422 3812 2539 3880 Vru

277 3905 510 3970 famam
562 3912 762 3989 atque
816 3904 1104 3991 gloriam,
1138 3907 1231 3970 ita
1263 3912 1328 3969 et
1369 3906 1452 3971 ad
1484 3905 1994 3989 perpetuandam
2046 3903 2541 3987 corresponden-

275 3996 432 4061 tiam
479 4017 601 4079 pro
671 3996 880 4065 salute
931 4001 998 4060 et
1046 3995 1489 4061 incolumitate
1563 3995 1803 4079 publici
1864 3994 2016 4059 boni
2066 4015 2324 4060 cessura
2375 4001 2540 4060 sunt.

281 4085 622 4151 Coeterum
657 4086 854 4153 Sei-¹¹²0
883 4086 1042 4151 Rex.
1078 4092 1142 4151 et
1172 4087 1484 4169 Princeps
1517 4086 1678 4150 nihil
1708 4087 1919 4168 magis
1957 4107 2075 4167 me,
2109 4092 2257 4168 post
2289 4085 2540 4149 animae

283 4176 554 4241 salntem
585 4176 852 4242 reficere
884 4178 1214 4262 potuisset,
1236 4198 1430 4259 quam
1463 4176 1518 4240 si
1551 4176 1929 4241 necessariis
1950 4173 2153 4259 Majffl'
2184 4176 2329 4243 Vm
2362 4180 2539 4258 opta-

279 4268 362 4331 tis
394 4274 457 4332 et
482 4268 648 4332 votis
681 4288 798 4351 per
847 4268 1058 4331 omnia
1111 4269 1271 4333 etin
1326 4266 1619 4331 omnibus
1669 4266 1915 4331 eventis
1968 4266 2122 4331 felix
2170 4286 2541 4349 correspon-

279 4356 490 4422 disset.
519 4358 612 4421 Et
643 4364 822 4421 certe
853 4358 1016 4423 nihil
1049 4364 1147 4423 est
1179 4356 1350 4440 quod
1370 4358 1436 4422 in
1457 4358 1706 4421 sincera
1739 4364 1805 4421 et
1822 4356 2303 4441 promptissima
2323 4356 2539 4420 volun·

277 4454 412 4509 tate
438 4446 652 4513 Sei-en.
685 4448 1118 4531 Respublicae
1169 4447 1522 4512 desiderari
1575 4448 1795 4531 possit.
1827 4446 2074 4514 Verum
2108 4446 2279 4510 enim
2312 4448 2535 4511 verosi

277 4538 472 4600 cuivis
493 4539 582 4603 ita
603 4544 798 4620 atque
823 4538 978 4601 mihi
1001 4560 1103 4601 res
1125 4538 1299 4601 illius
1323 4560 1415 4621 pr«
1425 4537 1458 4599 »l
1469 4560 1518 4599 w
1540 4544 1882 4604 constaret.
1904 4537 2091 4600 credo
2114 4536 2282 4617 quod
2324 4544 2533 4601 motus
