3459 5300
1095 381 1283 436 1622.
1306 387 1587 435 1111611101
1619 389 1979 436 senen-rasas.
2551 382 2672 437 103

385 553 473 618 de
532 553 703 617 dacii
755 558 934 617 certa
994 554 1301 636 quantita
1338 554 1417 619 de
1446 555 1665 633 merci,
1697 560 1856 619 nota
1902 555 2076 621 delle
2109 558 2288 638 quali
2321 558 2382 621 le
2413 576 2671 641 presen-

382 647 609 723 tiam0‚
641 642 910 708 essendo
942 666 1061 727 per
1090 666 1201 708 uso
1254 650 1322 709 et
1353 645 1612 710 servitio
1652 645 1719 709 di
1752 646 1902 727 quel
1935 644 2229 723 Altezza‚
2261 668 2438 712 come
2489 646 2670 711 testi-

381 735 603 798 monio
638 734 813 799 della
844 754 961 798 sua
995 736 1321 817 reciproca
1360 734 1782 799 benevolenza
1814 742 1880 800 et
1913 736 2126 801 buona
2144 736 2672 820 corrispondente

386 825 674 901 relenta,
751 826 1181 889 assecuriamo
1230 823 1311 889 V.
1347 820 1515 891 Ser²⁶²
1559 826 1675 890 che
1725 825 1817 907 gli
1873 828 2146 891 riuscira
2195 828 2546 891 carissima.
2579 826 2672 891 Et

377 914 503 979 che
538 915 659 980 Vra
702 911 873 979 Sere
914 916 981 978 in
1016 917 1381 998 qualonque
1421 936 1539 979 sua
1588 916 1919 981 occasione
1950 917 2076 999 pu&
2117 918 2526 1001 promettersi
2561 917 2672 981 dal

378 1003 636 1069 Nostro
684 1005 989 1087 Principe
1042 1010 1109 1068 et
1160 1004 1431 1088 Signore
1482 1007 1631 1089 ogni
1682 1006 2015 1088 maggiore
2064 1006 2562 1071 dimostrazione
2611 1007 2670 1070 d’

378 1093 615 1160 affetto
670 1100 735 1158 et
784 1095 863 1159 de
917 1115 1255 1159 reverenza
1298 1116 1479 1160 verso
1531 1101 1763 1177 questa
1830 1094 2026 1161 serm
2058 1095 2434 1180 Republica,
2496 1096 2669 1161 della

381 1186 585 1267 quale
618 1186 730 1249 noi
763 1186 966 1251 siamo
998 1205 1248 1268 sempre
1281 1206 1397 1269 per
1447 1206 1657 1251 essere
1690 1184 1910 1251 affezffl
1957 1192 2021 1250 et
2058 1186 2451 1252 devotissimi
2485 1188 2668 1253 servi.

607 1370 798 1429 1622.
844 1368 923 1428 14
957 1362 1239 1430 Ottobre
1272 1366 1339 1429 in
1366 1365 1669 1447 Pregadi.

602 1456 936 1520 Patentes.
968 1455 1297 1520 Antonius
1329 1460 1447 1519 etc.
1486 1454 1822 1521 Universis
1853 1460 1920 1519 et
1953 1456 2224 1539 singulis
2263 1462 2398 1520 tam
2439 1457 2664 1521 amicis

373 1566 581 1627 quam
630 1544 929 1610 fidelibus
978 1545 1063 1609 ad
1111 1567 1271 1628 quos
1310 1546 1433 1609 hae
1464 1550 1725 1609 nostrae
1777 1546 2220 1627 pervenerint:
2273 1546 2663 1611 Partendosi

374 1636 468 1700 da
487 1642 725 1717 questa
755 1637 920 1700 citta
951 1636 1043 1717 gli
1074 1637 1297 1719 agenti
1349 1635 1454 1700 del
1492 1634 1729 1718 Signor
1761 1634 2066 1719 Principe
2104 1635 2169 1700 di
2203 1635 2663 1702 Transilvania

373 1747 500 1809 per
552 1728 800 1789 ritorno
851 1726 919 1790 in
970 1725 1187 1807 quella
1238 1725 1601 1802 Provincia,
1653 1730 2103 1790 commettemo
2152 1747 2193 1791 a
2226 1727 2386 1792 tutti
2436 1727 2483 1790 11
2517 1748 2664 1810 rap-

374 1816 791 1900 presentanti
842 1818 1049 1881 nostri
1102 1822 1168 1879 et
1216 1816 1514 1893 ministri,
1565 1816 1681 1880 che
1734 1816 1826 1897 gli
1875 1816 2119 1881 lasciuo
2150 1837 2380 1900 passar
2429 1815 2661 1882 libera-

374 1912 603 1971 mente
655 1926 775 1969 con
823 1906 884 1970 le
934 1906 1133 1971 robbe
1184 1904 1584 1970 infrascritte
1633 1926 1826 1969 senza
1876 1913 2266 1989 pagamento
2317 1906 2546 1972 alcuno
2595 1906 2661 1971 di

324 2051 331 2053 ,
374 1996 579 2075 datio,
610 1996 902 2079 pedagio,
934 2017 971 2059 o
1006 1995 1267 2077 gabella
1303 1996 1370 2059 di
1420 1996 1655 2061 alcuna
1704 2002 1893 2073 sorte,
1927 1995 2291 2079 facendogli
2342 1996 2461 2061 dar
2509 1998 2657 2079 ogni

372 2086 773 2151 commodita
804 2091 870 2150 et
900 2084 1079 2169 ajuto
1110 2106 1230 2150 con
1260 2086 1309 2151 li
1342 2088 1481 2151 suoi
1512 2084 1746 2151 danari
1776 2087 1844 2150 in
1878 2092 2053 2151 tutto
2084 2087 2302 2170 quello
2333 2088 2450 2151 che
2482 2107 2662 2151 acca-

372 2176 583 2254 desse,
614 2182 683 2241 et
713 2175 953 2241 fossero
985 2178 1321 2255 ricercati3
1367 2196 1545 2240 come
1577 2176 1959 2240 confidiamo
2010 2177 2144 2242 nell
2183 2179 2656 2242 amorevolezza

369 2266 555 2349 degli
588 2268 781 2330 amici
810 2271 877 2330 et
908 2267 1144 2331 dovera
1180 2266 1493 2349 eseguirsi
1542 2266 1628 2331 da
1674 2266 1958 2330 ministri
2009 2272 2077 2331 et
2126 2268 2649 2350 rappresentanti

372 2358 606 2421 nostri.
638 2356 732 2420 Et
760 2357 1059 2440 vagliano
1091 2357 1153 2420 16
1203 2356 1486 2439 presenti
1520 2376 1635 2439 per
1666 2362 1897 2439 questa
1931 2357 2026 2421 sol
2077 2358 2268 2421 volta.
2320 2355 2499 2420 Date
2536 2362 2656 2420 etc.
2735 2402 2743 2408 -

596 2482 679 2545 In
746 2482 1013 2563 ragione
1080 2482 1185 2545 del
1237 2480 1429 2547 serm
1467 2482 1774 2566 Principe
1837 2500 1870 2544 6
1947 2480 2048 2545 Re
2106 2481 2170 2545 di
2221 2480 2518 2564 Ungaria
2588 2486 2656 2544 et

370 2570 854 2637 Transilvania.

596 2659 795 2726 Casse
826 2661 891 2725 di
924 2661 1193 2726 confetti
1225 2663 1293 2729 in
1326 2667 1501 2726 sorte
1534 2661 1599 2725 di
1632 2663 1882 2726 zuccari
1917 2659 2034 2725 Nr.
2073 2665 2137 2725 7.
2171 2697 2254 2710 «-
2287 2661 2406 2725 Nr.
2444 2668 2498 2727 7.

594 2749 799 2816 Cassa
836 2773 974 2816 una
1017 2751 1083 2816 (11
1131 2753 1373 2817 corami
1424 2751 1579 2816 doro
1630 2753 1698 2815 al
1747 2750 1865 2816 Nr.
1903 2756 2053 2816 500.
2087 2749 2292 2817 Cassa
2323 2787 2410 2797 —
2442 2751 2560 2817 Nr.
2598 2756 2652 2816 1.

596 2877 747 2942 Due
778 2899 987 2942 mezze
1019 2898 1209 2960 pezze
1243 2878 1525 2942 scarlato
1556 2877 1621 2941 di
1652 2876 1884 2942 brazza
1922 2881 2021 2941 70.

598 2967 822 3033 Mezza
850 2987 1045 3050 pezza
1076 2989 1292 3051 panno
1318 2967 1509 3032 verde
1542 2988 1728 3032 scuro
1760 2967 1997 3032 brazza
2029 2970 2134 3032 40.

592 3058 799 3122 Pezza
829 3078 1045 3122 mezza
1076 3079 1292 3140 panno
1323 3078 1645 3141 paonazzo
1679 3078 1864 3122 scuro
1897 3057 1976 3121 de
2005 3057 2240 3122 brazza
2277 3059 2382 3122 40.

594 3147 822 3212 Panno
872 3148 951 3212 de
1000 3147 1105 3211 doi
1164 3149 1361 3212 colori
1408 3145 1541 3212 cio?¹
1592 3147 1822 3212 vinado
1875 3169 1908 3211 e
1961 3146 2241 3212 solforno
2292 3147 2370 3211 de
2417 3145 2648 3212 brazza

368 3243 456 3302 20
493 3238 563 3302 in
600 3238 725 3302 due
756 3238 931 3302 balle
964 3278 1045 3286 --
1083 3236 1201 3302 Nr.
1234 3242 1294 3301 2.

594 3360 899 3427 Cassetta
931 3385 1062 3427 una
1094 3363 1173 3427 de
1207 3364 1375 3446 gotti
1408 3363 1473 3426 di
1506 3369 1687 3428 vetro
1714 3403 1800 3414 -—
1834 3362 1952 3428 Nr.
1996 3367 2043 3427 l.

594 3451 897 3518 Cassetta
927 3474 1059 3516 una
1091 3453 1155 3516 di
1187 3451 1641 3518 medicamenti
1673 3488 1760 3500 -—
1795 3451 1912 3517 Nr.
1953 3459 2004 3517 1.

592 3542 851 3622 Velut0‚
884 3542 1203 3621 damascm
1252 3544 1573 3618 ormisinn,
1624 3565 1791 3620 rasQ
1839 3543 1934 3608 fili
1987 3543 2142 3607 doro
2194 3547 2262 3604 et
2311 3541 2647 3623 dargento.

590 3631 1006 3697 Passamanti
1058 3633 1215 3697 doro
1265 3639 1331 3697 et
1377 3632 1711 3716 dargentO,
1744 3635 2013 3711 canella,
2046 3651 2272 3716 pevere
2305 3636 2370 3694 et
2402 3628 2643 3693 conditi

350 3726 429 3788 in
473 3729 651 3787 serte
682 3744 861 3788 casse
894 3759 980 3768 —-
1016 3721 1135 3786 Nr.
1170 3727 1227 3786 9.

590 3849 655 3914 n
715 3849 895 3913 datio
957 3848 1126 3914 delle
1188 3848 1559 3932 sopradette
1621 3848 1836 3926 robbe,
1898 3849 2163 3912 stimate
2227 3845 2285 3908 d’
2307 3847 2480 3910 aviso
2531 3865 2646 3929 per

350 3945 623 4021 quanto
670 3941 726 4003 si
758 3947 885 4023 pub
917 3959 1143 4022 sapere
1176 3939 1355 4004 dalla
1400 3945 1700 4022 presente
1733 3946 1905 4016 nota,
1938 3937 1996 4001 d’
2018 3936 2242 4001 ordine
2274 3935 2405 4001 dell
2437 3937 2643 4000 Εοο111110

351 4029 684 4111 collegio,
713 4029 839 4112 pub
873 4030 1190 4112 importar
1221 4030 1289 4093 in
1320 4030 1495 4093 circa
1523 4029 1770 4093 Ducati
1801 4033 2104 4092 nonanta.

1129 4118 1454 4183 Ludovico
1486 4113 1724 4184 collini
1760 4123 2182 4201 governatore
2217 4115 2322 4180 del
2354 4113 2549 4179 datie.
