3459 5300
769 323 804 376 2
814 323 848 376 3
858 321 894 376 8
1085 323 1114 375 1
1129 323 1162 376 6
1173 322 1206 375 2
1219 321 1248 375 7
1261 362 1272 376 .
1305 328 1921 378 unAcsnAunoznox.
1954 326 2157 376 nove-rx
2186 321 2717 380 ,nomnium-ressa.

767 495 884 560 che
935 493 1103 559 fatta
1151 494 1461 560 electione
1492 495 1559 560 di
1598 500 1847 578 sogetto
1880 494 1946 558 di
1977 493 2362 559 honorevole
2411 492 2679 576 quauta,
2709 491 3037 576 prudente

766 587 830 650 et
880 590 1020 649 atto
1072 606 1112 649 a
1161 606 1389 668 passar
1442 585 1656 651 ufficio
1715 585 2059 662 conforme,
2109 583 2407 649 debbiate
2458 582 2673 648 subito
2711 588 2789 646 'et
2838 602 3038 647 senza

765 696 1008 740 veruna
1055 676 1544 760 interpositione
1575 676 1642 741 di
1673 681 1892 760 tempo
1942 673 2261 759 espedirlo
2292 695 2411 739 con
2443 673 2502 738 le
2533 673 2779 738 incluse
2809 677 3035 736 nostre

766 766 882 830 che
931 766 1211 830 inviamo
1243 767 1308 831 ai
1339 767 1670 832 medesimi
1707 765 1901 832 Conti
1932 787 1973 829 a
2012 763 2486 842 Chiacatornia,
2529 763 2631 850 (es
2664 768 2761 829 ott
2789 783 3035 846 vegyen

768 861 936 921 reszt
965 877 1006 920 a
1037 853 1340 938 Signoria
1369 856 1652 923 neveben
1685 878 1725 922 a
1758 856 2050 921 temetesi
2083 852 2527 940 finnepelyen.)

1261 1189 1322 1258 A
1355 1191 1654 1256 velenczei
1683 1195 1903 1254 tande-3
1932 1213 1973 1253 a
2006 1188 2135 1254 dein
2166 1189 2531 1290 kirdly‘nalg.

988 1354 1117 1419 Die
1151 1350 1362 1420 XXI.
1395 1353 1696 1438 January
1737 1355 1929 1418 1627.
1960 1348 2211 1437 (1628).

984 1444 1095 1512 Ad
1150 1444 1380 1527 quem
1425 1443 1699 1508 Dam‘ae.
1770 1443 2154 1508 Ioachinum
2202 1441 2563 1508 Krathium
2611 1442 2767 1508 Divi
2820 1443 3039 1508 Marci

771 1533 1074 1618 Equitem
1125 1534 1499 1618 Majestatis
1529 1534 1676 1601 Vm
1705 1533 2140 1602 Consiliarum
2172 1533 2255 1598 ab
2288 1533 2403 1598 illa
2432 1533 2516 1598 ad
2547 1554 2663 1598 nos
2694 1533 3041 1616 Legatum.

771 1624 1020 1690 lubenti
1039 1630 1105 1688 et
1125 1625 1331 1690 amico
1363 1626 1578 1691 animo
1598 1647 1817 1690 sumus
1854 1622 2153 1708 amplexi,
2172 1622 2515 1689 benevolas
2546 1645 2736 1689 aures
2754 1625 3043 1690 maxima

773 1714 1102 1799 voluptate
1119 1715 1536 1800 praebuimus
1567 1715 1901 1800 praeclare
1929 1715 2274 1800 exponenti
2294 1714 2572 1797 Regiam
2603 1716 2670 1779 in
2704 1735 2821 1780 nos
2849 1714 3043 1779 bene-

771 1805 1137 1884 volentiam,
1169 1827 1461 1889 quaeque
1511 1806 1746 1871 eximia
1796 1805 2018 1870 eodem
2069 1804 2248 1887 regio
2288 1805 2504 1870 animo
2532 1804 2730 1888 digna
2760 1804 2877 1869 illa
2906 1825 3042 1869 me-

772 1895 1040 1976 ditatur,
1071 1895 1401 1962 laudanda
1455 1895 1730 1979 quidem,
1765 1901 1837 1960 ut
1865 1895 2271 1980 praestantia
2320 1915 2612 1978 quaeque
2662 1895 3043 1964 aeternitati

772 1986 1279 2051 commendanda
1329 1985 1633 2066 facinora,
1684 1984 1957 2050 sublime
2008 1985 2145 2070 ejus
2194 1986 2548 2050 voluntatis
2590 1986 2911 2069 specimen
2948 1992 3046 2049 te-

773 2081 1066 2141 stantur:
1101 2073 1246 2159 Quo
1277 2077 1363 2141 ad
1392 2097 1510 2142 nos
1546 2077 1742 2161 plane
1773 2077 2072 2160 pertinet,
2105 2075 2172 2140 id
2204 2074 2327 2140 sibi
2376 2075 2695 2160 Majestas
2745 2073 2865 2144 V··
2894 2095 3044 2160 per·

774 2165 1062 2244 suadeat,
1094 2167 1274 2231 nullo
1308 2188 1424 2232 nos
1455 2167 1779 2232 amicitiae
1812 2166 2021 2232 officio
2054 2165 2403 2247 defuturos,
2424 2169 2497 2230 ut
2528 2187 2681 2233 suae
2713 2166 2780 2231 in
2810 2165 3045 2250 Remp.

775 2261 1065 2321 nostram
1095 2257 1512 2340 propensioni
1562 2256 2082 2340 respondeamus,
2114 2257 2706 2340 perspectissimum
2755 2256 3043 2341 optimae

776 2352 1036 2411 nostrae
1067 2349 1135 2412 in
1167 2347 1350 2412 illam
1381 2347 1739 2412 voluntatis
1789 2353 2257 2431 argumentum,
2289 2351 2365 2411 ut
2397 2367 2499 2412 res
2531 2368 2600 2411 se
2631 2346 2814 2424 feret,
2845 2345 3047 2412 exibi-

778 2437 926 2500 turi.
973 2434 1223 2505 Verum
1255 2436 1446 2520 plura
1493 2439 1784 2520 Legatus
1816 2436 1925 2501 ille
1952 2437 2023 2501 in
2056 2458 2246 2520 quem
2278 2443 2509 2502 cuncta
2540 2437 2905 2517 deferimuS,
2936 2436 3047 2501 cui

777 2532 1000 2590 nostra
1033 2527 1249 2592 studia
1281 2532 1347 2591 et
1378 2548 1618 2607 sensus,
1651 2527 1885 2611 quibus
1942 2526 2372 2592 benivolentia
2423 2528 2785 2610 adaugetur
2817 2527 3048 2591 animi-

779 2636 903 2699 que
949 2617 1316 2701 conjunctio
1369 2623 1676 2698 servatur,
1709 2618 2099 2703 aperuimuS,
2130 2639 2348 2684 coram
2383 2617 2644 2703 Majes²⁰
2687 2617 2815 2686 Vr·
2844 2616 3049 2701 expli-

779 2706 970 2785 cabit,
1020 2713 1086 2771 et
1135 2709 1372 2774 nostris
1419 2710 1629 2774 verbis
1689 2732 1914 2774 curam
1963 2715 2029 2773 et
2076 2730 2342 2793 operam
2401 2715 2688 2774 nostram
2750 2706 3051 2773 omnibus

779 2796 972 2861 rebus
1005 2795 1245 2863 offeret.
1292 2799 1508 2865 Deum
1553 2801 1867 2884 optimum
1917 2800 2269 2865 maximum
2316 2820 2594 2877 oramus,
2626 2804 2701 2863 ut
2732 2799 2948 2864 fausta
2978 2804 3052 2862 et

781 2886 1035 2953 foelicia
1073 2888 1205 2953 sint
1253 2896 1487 2955 cuncta
1517 2891 1602 2955 ad
1634 2891 1881 2974 gloriae
1913 2896 1979 2954 et
2012 2890 2507 2956 existimationis
2559 2891 3050 2954 incrementum.

781 2976 876 3041 Et
907 2978 992 3042 da
1020 2978 1127 3043 mo
1161 2979 1259 3043 sia
1289 3001 1496 3064 pres0‚
1517 2980 1634 3047 che
1668 2981 1765 3045 sia
1797 2981 1949 3045 dato
1982 2980 2049 3044 in
2083 2980 2249 3045 dono
2282 2979 2349 3045 al
2378 2981 2634 3045 sudetto
2654 2975 2884 3044 Ambre
2915 3000 3054 3043 una

783 3068 1039 3132 collana
1070 3068 1135 3132 di
1169 3070 1349 3134 scudi
1380 3070 1558 3136 mille
1590 3071 1675 3136 da
1705 3071 1827 3135 lire
1862 3074 1895 3134 7
1932 3070 2104 3134 l'uno
2137 3070 2203 3135 di
2234 3070 2450 3135 buona
2480 3076 2738 3135 moneta
2770 3076 2889 3135 etc.

1120 3399 1182 3466 A
1216 3401 1515 3466 velem-zei
1546 3403 1765 3466 tancies
1796 3398 2067 3467 Be‘csben.
2099 3402 2331 3467 szdkellf
2362 3400 2705 3468 kb‘vete'nek.

1007 3568 1175 3630 1627
1232 3560 1484 3648 (1628.)
1538 3567 1618 3627 27
1676 3560 1984 3629 Gennaro
2034 3560 2128 3630 Al
2176 3563 2549 3648 Segretario
2602 3563 2767 3634 Vico
2828 3586 3056 3648 presso

788 3653 1254 3739 l’Imperatore.
1320 3651 1458 3718 Con
1507 3652 1777 3719 l’ultime
1837 3654 2069 3721 lettere
2130 3656 2247 3720 che
2310 3656 2621 3721 ricevemo
2669 3655 2780 3720 dal
2828 3662 3057 3721 nostro

788 3744 980 3809 Bailo
1041 3766 1082 3809 a
1143 3742 1382 3810 (301131,Ιί
1427 3744 1801 3809 intendemo
1864 3744 1979 3809 che
2040 3753 2298 3810 restava
2361 3745 2650 3811 stabilito
2700 3744 2747 3809 il
2798 3747 3057 3828 negotio

787 3834 962 3899 della
1007 3856 1166 3917 pace
1226 3841 1334 3901 tra
1380 3834 1446 3899 la
1495 3834 1758 3899 Maesta
1818 3832 2096 3900 Cesarea
2146 3842 2214 3901 et
2260 3834 2302 3900 1’
2322 3836 2524 3918 Impw
2566 3834 2938 3916 Ottomano,
2988 3843 3061 3901 et

788 3947 915 3990 non
979 3925 1304 3990 habbiano
1378 3930 1608 4007 potuto
1685 3930 1996 4008 spuntare
2066 3926 2174 3990 nel
2249 3924 2607 4008 particolar
2682 3925 2749 3990 cli
2824 3926 3057 4006 Vacia,

791 4036 918 4079 non
956 4016 1064 4078 nel
1111 4016 1406 4079 nominar
1437 4014 1503 4079 in
1537 4036 1678 4080 essa
1729 4016 1903 4080 Pace
1942 4015 1993 4080 il
2023 4014 2329 4099 Principe
2379 4014 2623 4093 Gabor,
2656 4016 2738 4079 ne
2770 4038 2956 4081 meno
2986 4019 3059 4081 111

791 4102 1064 4185 qualche
1083 4104 1256 4169 altra
1287 4106 1632 4188 aggionta3
1662 4127 1771 4171 ma
1790 4106 1971 4171 siano
1992 4106 2146 4171 stati
2167 4105 2467 4188 puntuali
2497 4105 2545 4170 11
2567 4106 2830 4173 Cesarei
2864 4127 3061 4189 sopra

790 4192 1172 4259 l'accordato
1205 4193 1364 4260 dalli
1396 4194 1855 4278 Commissarj,
1887 4197 2175 4280 persuasi
2206 4218 2246 4261 a
2277 4202 2511 4280 questa
2558 4196 2791 4260 cellere
2831 4196 3061 4261 risolu-

795 4284 968 4349 tione
1000 4283 1182 4349 dall
1167 4285 1342 4372 aviso
1373 4286 1684 4370 poi-tatoli
1736 4307 1855 4351 con
1905 4285 2137 4351 lettere
2172 4286 2282 4351 del
2322 4286 2629 4370 Principe
2679 4285 3061 4372 sopradetto

795 4372 969 4437 della
1011 4380 1187 4439 rotta
1235 4361 1365 4439 dell
1415 4377 1685 4440 esercito
1734 4376 1838 4441 del
1883 4377 1984 4442 Re
2032 4377 2111 4441 de
2158 4376 2559 4443 Danimaica
2590 4398 2625 4441 e
2657 4382 2722 4441 et
2752 4378 2867 4444 che
2901 4376 3063 4462 pero

796 4462 1186 4548 consigliava
1216 4465 1265 4528 li
1297 4466 1591 4531 Ministri
1621 4465 1957 4532 Ottomani
2004 4489 2045 4532 a
2092 4466 2443 4532 terminare
2473 4468 2525 4532 il
2556 4470 2813 4553 negotio
2867 4488 3063 4535 senza
