3459 5300
1233 291 1416 346 1621.
1450 309 1624 348 saner.
1662 291 1718 346 4.
2579 292 2611 345 7

879 403 894 430 Χ

343 466 516 529 tione
551 463 982 548 expediendos
1015 463 1366 541 voluimus3
1398 462 1508 548 qui
1544 464 1799 528 nomine
1832 469 2051 528 nostro
2106 485 2322 528 coram
2373 463 2615 530 Inclita

345 554 707 638 Republica
771 555 1056 618 animum
1127 559 1419 618 nostrum
1467 552 1765 636 pluribus
1817 553 2128 638 aperient,
2179 561 2244 618 et
2293 576 2421 636 qua
2454 555 2614 618 fera-

345 667 484 708 mur
537 644 926 728 synceritate
979 643 1403 726 arctiorisque
1455 664 1600 708 cum
1651 643 1879 710 eadem
1926 644 2393 728 conjunctionis
2444 645 2617 728 paci-

341 735 614 800 scendae
678 735 1114 811 inclinatione,
1163 732 1458 798 Eandem
1511 733 1855 815 edoceant3
1917 735 2087 799 viam
2138 734 2480 800 sternendo
2531 734 2615 798 ad

341 825 728 908 explicanda
777 831 908 889 tam
965 831 1188 890 nostra
1244 845 1438 907 quam
1491 822 2019 890 Clarissimarum
2078 825 2612 890 Dominationum

339 923 704 980 vestrarum
737 921 903 979 vota.
939 915 1082 980 Illis
1131 915 1354 997 itaque
1405 920 1469 978 et
1519 914 1710 980 fidem
1760 915 2092 980 indubiam
2144 915 2447 981 adhibere
2500 937 2613 999 pre

339 1029 458 1070 sua
491 1006 895 1070 humanitate
928 1026 1052 1068 non
1103 1003 1562 1086 gravabuntur.
1598 1011 1666 1068 et
1696 1027 1767 1070 re
1798 1005 1922 1070 hac
1956 1005 2161 1070 ardua
2191 1005 2257 1068 in
2292 1011 2615 1070 maturam

337 1117 507 1176 quae
562 1096 849 1178 ipsarum
915 1105 1014 1160 est
1075 1094 1420 1179 prudentia
1469 1094 2001 1161 deliberationem
2062 1103 2413 1180 assumpta,
2476 1096 2613 1160 sine

335 1185 614 1268 longiori
649 1207 830 1250 mora
862 1185 944 1250 ad
977 1207 1090 1250 nos
1125 1207 1265 1248 cum
1316 1190 1540 1267 optata
1591 1193 1908 1270 grataque
1960 1186 2346 1251 resolutione
2400 1187 2615 1251 remit-

337 1288 492 1340 tere.
549 1275 802 1359 Quibus
851 1299 965 1340 nos
1017 1275 1294 1358 benigno
1346 1275 1544 1339 animi
1597 1274 1833 1342 affectu
1885 1298 2146 1360 syncere
2181 1299 2433 1360 semper
2472 1300 2615 1361 pro-

335 1367 524 1449 pensi
560 1387 908 1432 manemus.
942 1366 1192 1431 Datum
1241 1365 1305 1428 in
1352 1365 1560 1430 libera
1607 1375 1830 1433 nostra
1878 1367 2157 1434 Civitate
2191 1367 2611 1452 Tyrnaviensi

335 1457 438 1520 die-
476 1462 580 1522 16.
614 1455 868 1542 Aprilis
903 1479 1069 1522 anno
1102 1455 1514 1521 MDOXXI.

1205 1546 1478 1612 Vicinus
1510 1545 1857 1613 benevolus

1697 1633 1989 1703 Gabriel.

1666 1727 2005 1792 «Iohannes
2038 1728 2297 1793 Krauss
2347 1749 2426 1790 m.
2456 1748 2519 1810 p.

559 1846 606 1897 A
659 1855 827 1912 lcryo:
875 1845 1048 1897 Sei-¹¹¹⁰
1099 1844 1432 1898 Venetorum
1483 1843 1626 1898 Due-i
1670 1846 1947 1915 juxtaque
1994 1843 2329 1898 ulan-issimis
2382 1843 2612 1896 Inclita(-

332 1935 640 1988 curandam
721 1935 1086 2004 Reipublicae
1158 1933 1499 1990 Decemviris
1561 1939 1664 1988 cte.
1727 1933 1939 1988 Amicis
2002 1940 2057 1988 et
2118 1933 2329 1988 vicinis
2409 1933 2612 1988 nostris

333 2025 696 2080 charissimis.

1424 2271 1544 2338 IV.

1173 2421 1357 2478 1621.
1407 2437 1542 2478 sze
1567 2422 1670 2498 pt.
1720 2417 1779 2478 4.

1095 2561 1156 2621 A
1211 2557 1502 2622 relenczec'
1547 2556 1847 2642 doyc'nak.

557 2722 976 2789 Serenissime
1009 2720 1340 2805 Princeps.

555 2814 656 2877 Ex
709 2834 1016 2896 responso
1047 2810 1326 2877 Vestrae
1377 2810 1765 2877 Sei-enitatis
1813 2810 2046 2876 bonam
2098 2831 2252 2891 erga
2305 2832 2417 2873 nos
2470 2832 2611 2893 pro-

333 2904 712 2989 pensionem
761 2902 1211 2983 intelleximus,
1262 2902 1528 2985 ejusque
1579 2901 1866 2965 animum
1914 2900 1997 2964 ad
2050 2906 2399 2965 tractatum
2458 2906 2611 2965 ante

331 2994 836 3077 quadriennium
873 2992 1246 3057 inchoatum
1278 2991 1782 3057 continuandum
1832 2990 2269 3074 percepinius3
2321 2990 2433 3054 sed
2465 3014 2607 3056 cum

331 3108 556 3151 rerum
605 3084 1034 3149 humanarum
1087 3104 1312 3147 cursus
1363 3082 1690 3166 perpetuis
1744 3080 2283 3147 vicissitudinibus
2334 3080 2418 3144 sit
2466 3080 2608 3144 snb-

326 3178 564 3258 jectus‚
615 3179 680 3238 et
732 3196 898 3256 quae
949 3193 1075 3237 non
1125 3175 1252 3239 cito
1303 3172 1484 3249 fiunt,
1535 3194 1867 3254 nunquam
1928 3178 2153 3254 postea
2203 3171 2478 3254 amplius
2542 3171 2607 3235 in

333 3266 636 3330 effectum
687 3263 914 3329 deduci
963 3284 1150 3347 posse
1203 3264 1655 3347 saepesaepius
1705 3261 2105 3345 experientia
2142 3260 2607 3343 comprobarit:

333 3356 768 3420 necessarium
838 3376 980 3419 esse
1043 3354 1341 3419 duximus
1411 3374 1638 3419 novam
1701 3358 1767 3415 et
1816 3374 1957 3417 cum
2010 3357 2325 3436 potestate
2373 3350 2609 3434 ampla,

333 3446 632 3529 quamvis
663 3450 982 3511 secretam
1033 3450 1098 3509 et
1145 3444 1282 3509 sine
1315 3444 1610 3527 strepitu,
1643 3442 2067 3525 Legationem
2106 3441 2189 3504 ad
2220 3441 2382 3507 Vf¹²¹¹¹
2426 3440 2608 3506 Sere-

333 3536 612 3600 nitatem
673 3536 1029 3615 instituere,
1093 3541 1165 3598 ut
1225 3534 1324 3598 vel
1388 3531 1824 3599 concludendo
1881 3531 1963 3597 ad
2015 3532 2105 3595 rei
2170 3531 2609 3597 executionem

332 3626 736 3703 deveniatur,
767 3624 852 3689 ad
885 3624 1056 3707 quod
1090 3646 1309 3689 sumus
1343 3626 1577 3706 parati,
1627 3622 1726 3686 vel
1777 3622 1989 3687 adhuc
2035 3620 2224 3687 rebus
2260 3623 2349 3687 sic
2381 3622 2609 3687 stanti-

331 3716 474 3795 bus,
505 3716 860 3798 obligatam
892 3720 1180 3779 nostram
1213 3714 1406 3779 fidem
1437 3713 1616 3778 nulla
1666 3719 2095 3794 consequente
2146 3714 2347 3777 nostri
2380 3734 2609 3795 propo-

332 3808 442 3871 siti
502 3804 906 3871 conclusione
957 3802 1353 3869 eliberemus.
1405 3802 1731 3869 Mittimus
1795 3802 1995 3884 igitur
2056 3801 2239 3866 nobis
2302 3802 2606 3867 dilectum

332 3895 522 3961 mm„
581 3894 1030 3961 Alexandrum
1080 3894 1372 3972 Lucium,
1412 3896 1511 3959 cui
1565 3892 1852 3976 amplam
1914 3893 2397 3958 instructionem
2462 3914 2605 3957 cum

335 3992 654 4069 potestate
705 3984 1124 4050 concludendi
1175 3984 1483 4062 dedimus,
1535 3984 1948 4065 animumque
2004 3989 2295 4047 nostrum
2346 4005 2425 4046 ex
2472 3988 2607 4047 toto

334 4078 724 4160 aperuimus⁸
759 4073 962 4157 Cujus
999 4074 1294 4139 relationi
1329 4082 1548 4139 nostro
1596 4073 1851 4138 nomine
1884 4094 2000 4155 per
2036 4074 2243 4155 ipsum
2276 4072 2606 4137 faciendae

335 4166 764 4231 indubitatam
831 4164 1020 4229 fidem
1055 4171 1120 4229 et
1151 4166 1400 4228 firmam
1435 4164 1741 4229 adhibere
1776 4164 2033 4246 poterit.
2082 4160 2289 4245 Quem
2324 4163 2607 4245 quando-

335 4256 598 4337 quidem
649 4257 843 4321 etiam
896 4254 982 4320 ad
1031 4254 1270 4319 Ser²¹¹¹¹¹¹¹
1319 4254 1688 4321 Sabaudiae
1738 4253 2005 4331 Ducem,
2056 4259 2203 4335 post
2251 4274 2387 4319 rem
2434 4254 2607 4336 apud

335 4346 768 4411 Serenitatem
796 4345 958 4413 V¹⁸¹¹¹
990 4352 1323 4430 peractam
1355 4345 1765 4429 ablegamns3
1797 4345 1998 4408 amice
2034 4364 2331 4426 rogamus
2365 4350 2437 4407 ut
2469 4346 2605 4427 ejus

335 4438 464 4503 iter
513 4443 579 4501 et
625 4446 894 4503 conatus
944 4458 1318 4523 promovere
1368 4436 1540 4513 velit,
1588 4457 1714 4520 quo
1768 4435 2093 4499 tutissima
2140 4435 2243 4499 via
2282 4432 2366 4497 ad
2398 4434 2607 4519 ipsum

3430 5076 3432 5097 ..
3414 4706 3432 5055 ——-.-—L“-——.-¹-
