3459 5300
1311 257 1496 311 1621.
1549 265 1702 311 Arsit.
1743 259 1839 313 16.
2668 262 2701 312 5

435 429 730 493 hostibus
763 428 1168 511 inimicisque
1219 430 1649 512 experiantur.
1685 430 1874 514 Quod
1922 438 1996 496 nt
2026 431 2165 495 fieri
2196 431 2364 494 inter
2397 429 2709 496 Christia-

437 542 554 584 nos
617 519 876 583 minime
946 520 1258 596 convenit,
1326 521 1420 584 ita
1469 520 1614 588 Vrae
1665 541 1916 604 quoque
1982 521 2335 587 Sere-nitati
2382 521 2709 598 incumbit,

435 631 664 692 pacem
731 610 944 692 potius
1009 618 1072 673 et
1153 610 1665 693 tranquilitatem
1729 613 2105 692 Regnorum
2171 611 2709 688 Christianorum,

437 723 632 782 qnam
699 699 848 764 belli
911 699 1196 764 fomenta
1259 700 1759 784 inimicitiasque
1820 723 2187 784 procurare.
2256 700 2467 785 Super
2544 723 2709 783 quae

433 791 654 857 omnia
705 790 1094 854 sententiam
1145 796 1342 874 atque
1391 792 1785 856 voluntatem
1820 791 1967 857 Vrae
2016 791 2398 858 Sei-enitatis
2438 791 2710 856 libenter

434 881 806 964 intelligere
840 881 1152 964 cupimus.
1191 881 1318 946 His
1349 882 1496 948 Vm
1529 880 1886 947 Serenitati
1919 905 2167 946 omnem
2204 903 2243 946 a
2274 881 2418 946 Deo
2450 902 2708 966 prospe.-

431 971 698 1036 ritatem
735 991 812 1034 ex
844 971 1060 1034 animo
1091 993 1448 1054 precamur.
1482 971 1728 1037 Datum
1765 995 1839 1036 ex
1863 971 2119 1056 Oppido
2141 973 2335 1038 Rima
2356 971 2710 1041 Szombatt.

431 1061 538 1125 die
575 1067 680 1126 29.
713 1060 764 1124 J
766 1061 1021 1125 anuarii
1056 1082 1224 1126 anno
1255 1062 1521 1127 Domini
1559 1067 1751 1128 1620.

653 1149 966 1236 Ejusdem
1002 1149 1068 1216 S.
1100 1151 1246 1219 Vm

1411 1241 1936 1309 Studiosissimns

1613 1349 1883 1416 Gabriel
1925 1351 2405 1436 manupropria,

1381 1441 1509 1506 Dei
1560 1441 1781 1524 gracia
1830 1442 2205 1524 Regnorum
2262 1441 2659 1524 Hungariae,

1358 1531 1995 1617 Transylvaniaeque
2042 1531 2354 1616 Princeps
2408 1537 2472 1596 et
2521 1530 2701 1597 Sicu-

1704 1621 1913 1686 lorum
1947 1621 2177 1686 Comes
2218 1627 2338 1688 etc.

1769 1747 1993 1814 Simon
2030 1748 2251 1832 Pech‘v

1519 1835 1963 1904 Cancellarius
1996 1837 2473 1922 manupropria.

657 1971 698 2022 Α
736 1980 876 2040 tet-yn
899 1983 916 2014 ··
967 1971 1325 2047 Sei·ctiissi111‹›
1357 1971 1622 2040 Principi‚
1661 1972 1903 2026 Domino
1953 1970 2196 2026 Antonio
2248 1971 2423 2025 Priuli
2472 1971 2703 2025 Inclitac

427 2061 596 2130 Reip.
631 2060 874 2116 Venetae
907 2061 1068 2118 Duri.
1103 2061 1340 2118 Domino
1375 2059 1570 2116 Amico
1601 2062 1758 2116 nobis
1793 2062 2308 2116 observandissimo.

1518 2415 1611 2480 II.

1259 2565 1448 2625 1621.
1497 2565 1537 2624 a
1559 2583 1601 2644 p
1623 2583 1654 2624 1·
1675 2561 1739 2625 il
1794 2565 1891 2626 16.

979 2700 1035 2765 A
1094 2702 1384 2766 velenczei
1427 2704 1706 2789 ‹loye‘nak
1740 2730 1770 2767 s
1803 2704 2165 2768 ici-vecicsnak.

653 2862 922 2928 Gabriel
955 2864 1082 2929 Dei
1117 2868 1326 2948 gratia
1358 2866 1626 2933 Electus
1667 2867 2051 2949 Hungariae
2082 2866 2472 2945 Dalmatiae,
2506 2864 2702 2930 Croa-

425 2954 568 3019 tiae
601 2954 976 3019 Sclavoniae
1007 2961 1124 3019 etc.
1161 2957 1322 3033 Rex,
1343 2956 1851 3041 Transylvaniae
1884 2958 2214 3039 Princeps,
2237 2964 2299 3019 et
2332 2955 2693 3023 Siculorum

425 3044 668 3111 Comes
701 3049 822 3108 etc.

657 3134 850 3197 Serme
881 3134 1277 3201 Venetorum
1313 3136 1485 3215 Dux,
1523 3137 2012 3221 Clarissimique
2046 3137 2319 3202 Inclitae
2354 3134 2697 3201 eorundem

429 3223 857 3306 Reipublicae
907 3224 1272 3290 Decemviri
1326 3226 1598 3292 salutem
1651 3234 1716 3292 et
1765 3227 2137 3292 felicitatem
2186 3248 2529 3311 perennem
2560 3248 2702 3308 pre-

426 3314 584 3391 cati,
637 3336 970 3398 synceram
1021 3314 1606 3382 benevolentissimi
1669 3318 1866 3383 animi
1930 3319 2333 3383 affectionem
2398 3324 2711 3399 grauique

429 3404 644 3467 bonae
677 3404 1028 3469 vicinitatis
1080 3406 1296 3471 studia
1346 3406 1917 3473 Dominationibus
1950 3408 2207 3475 Vestris
2248 3428 2710 3489 nuncupamus.

427 3494 886 3559 praesentium
920 3494 1239 3559 exhibitor
1271 3496 1660 3580 Magnificus
1712 3499 2109 3564 Laurentius
2160 3496 2417 3580 Agazia
2449 3496 2711 3562 Vercel-

425 3583 634 3648 lensis
685 3585 748 3647 in
801 3582 982 3649 Aula
1033 3593 1254 3651 nostra
1304 3588 1515 3669 Regia
1567 3588 1648 3653 ab
1700 3588 1951 3671 aliquot
2000 3586 2345 3667 mensibuS,
2379 3594 2453 3651 ut
2502 3587 2706 3649 virum

423 3674 620 3738 decet
653 3680 950 3757 apertum
985 3680 1049 3739 et
1081 3680 1416 3741 strenuum
1447 3676 1708 3743 laudate
1762 3680 1939 3757 vixit,
1971 3700 2281 3761 suamque
2334 3676 2713 3745 fidelitatem

423 3786 576 3829 cum
612 3765 782 3829 omni
817 3766 1206 3848 synceritate
1241 3766 1422 3831 nobis
1455 3768 1520 3831 in
1557 3768 1831 3851 negotiis
1871 3768 2003 3833 suis
2036 3790 2291 3852 semper
2340 3766 2712 3841 declaravit,

423 3854 526 3917 ita
558 3862 629 3919 ut
660 3853 964 3918 benevolo
998 3856 1230 3921 affectu
1264 3858 1330 3920 in
1363 3858 1572 3939 ipsum
1607 3859 1908 3942 propensi
1943 3859 2142 3923 simus
2178 3860 2251 3922 ut
2284 3855 2535 3941 cupidi:
2590 3856 2711 3921 vir-

429 3952 574 4017 tute
605 3944 800 4009 etiam
835 3966 954 4009 sua
985 3944 1218 4010 bellica
1239 3946 1476 4011 famam
1499 3969 1682 4013 suam
1716 3954 2052 4032 tantopere
2088 3946 2287 4025 auxit,
2308 3954 2381 4012 nt
2413 3944 2710 4011 laudibus

425 4034 713 4117 propriis
746 4034 927 4098 nulla
959 4057 1034 4099 ox
1069 4042 1255 4119 parte
1289 4037 1700 4102 destituatur.
1731 4038 1933 4122 Cujus
1968 4039 2064 4102 rei
2098 4037 2470 4102 testimonia
2501 4035 2713 4121 splen·
2752 4048 2763 4056 '

426 4123 589 4189 dida
622 4126 782 4189 satis
816 4144 856 4189 a
888 4122 1396 4191 Generalis-simo
1431 4134 1495 4191 et
1528 4126 1958 4193 Generalibus
1993 4126 2325 4192 Armadae
2357 4127 2709 4191 Bohemiae

427 4236 644 4297 penes·
680 4216 890 4299 ipsum
943 4237 1088 4281 cum
1145 4222 1380 4297 extent,
1416 4240 1634 4283 rernm
1697 4240 1963 4283 suarum
2024 4216 2316 4302 preclare
2382 4224 2709 4301 gestarum

423 4304 828 4369 uberrimam
879 4306 1293 4390 suppeditare
1346 4314 1650 4391 poterunt
1694 4308 2210 4374 declarationem.
2266 4308 2485 4391 Quare
2542 4307 2711 4371 hunc

417 4396 642 4479 ipsum
673 4401 748 4459 ut
795 4396 904 4477 qui
956 4396 1038 4461 ad
1091 4396 1254 4462 tales
1304 4398 1474 4463 viros
1524 4405 1841 4483 perpetuo
1902 4399 2305 4475 inclinamus
2368 4397 2703 4481 ipsiusque
