3459 5300
822 340 857 395 2
876 342 950 395 10
1147 341 1217 395 16
1230 342 1329 394 26.
1363 348 1978 395 τΑκᾸοεηΛτ-Ᾱιιοιᾼτοκ.
2019 348 2218 395 novi-:rx
2255 347 2779 398 1-21.6·1·nu.n:sz·r1²;sex.

823 512 1253 581 vollbrachter
1305 514 1589 599 beuraht
1640 514 1802 579 undt
1853 513 2344 598 geschlossenen
2410 513 2753 579 bundtniss
2817 536 3094 597 gegen

820 603 860 667 d
884 624 925 667 a
946 626 975 668 s
1022 602 1095 667 H
1116 625 1157 667 a
1177 626 1219 667 u
1238 626 1270 669 s
1318 584 1377 669 O
1398 626 1427 668 s
1449 610 1477 668 t
1498 624 1531 668 e
1552 627 1583 667 r
1604 626 1639 668 r
1658 626 1692 669 e
1716 606 1738 668 i
1760 626 1796 668 c
1813 604 1857 669 h
1905 603 2203 687 folgende
2249 604 2704 687 expeditionen
2750 606 3098 669 vorzuneh-

819 715 963 758 men
998 694 1239 758 entlich
1272 694 1587 759 resolvirt.

1041 964 1314 1030 Summa
1368 986 1587 1029 eorum
1639 986 1809 1048 quae
1872 966 2044 1050 apud
2110 964 2384 1030 Inclitae
2443 964 2719 1029 Unionis
2766 966 2980 1047 Reges
3031 972 3102 1029 et

828 1056 1165 1138 Principes
1217 1056 1282 1119 in
1328 1056 1776 1139 persuadendo
1849 1055 2104 1121 foedere
2173 1054 2448 1121 'Purcico
2505 1057 2909 1139 potissimum
2954 1078 3102 1139 pro·

824 1145 1137 1229 ponenda.

1040 1324 1374 1409 Siquidem
1412 1326 1495 1390 ad
1530 1324 2027 1391 Serenissimum
2060 1324 2244 1391 Sacri
2277 1326 2464 1390 Rom.
2490 1324 2761 1409 Imperjj
2793 1332 2859 1390 et
2889 1324 3098 1390 Tran-

826 1416 1153 1502 sylvaniae
1186 1416 1556 1499 Principem
1589 1436 1706 1499 per
1760 1415 2052 1480 homines
2085 1421 2366 1481 secretos
2397 1422 2463 1480 et
2492 1413 2616 1480 fide
2649 1416 2873 1498 dignos
2907 1417 3101 1480 itera·

825 1509 911 1571 tis
974 1506 1216 1571 vicibus
1280 1506 1709 1590 perscriptum
1777 1512 1841 1570 et
1902 1504 2183 1570 relatum
2247 1507 2348 1582 sit,
2411 1505 2696 1571 Domum
2758 1504 3100 1571 Austriae-

824 1596 1229 1680 Hispanicae
1255 1595 1665 1660 considerata
1695 1594 2172 1661 imminentium
2203 1596 2633 1680 periculorum
2657 1595 3102 1679 magnitudine

828 1708 998 1752 nunc
1030 1686 1323 1752 omnibus
1356 1685 1561 1751 modis
1594 1686 1810 1763 annui,
1844 1692 1919 1751 ut
1953 1687 2471 1770 potentissimam
2503 1694 2758 1768 gentem
2802 1685 3104 1752 Ottoma·

828 1779 1041 1842 nicam
1074 1777 1142 1841 in
1174 1784 1395 1860 partes
1446 1797 1598 1841 suas
1647 1777 2007 1859 pertrahat,
2052 1777 2438 1859 venalesque
2488 1776 2782 1843 Vezirios
2831 1798 2994 1840 auro
3033 1783 3102 1840 et

831 1866 1189 1932 calliditate
1240 1867 1323 1931 ad
1369 1866 1667 1931 libidines
1721 1888 1872 1931 suas
1925 1866 2262 1951 disponat;
2317 1865 2513 1933 Serum
2561 1866 2936 1950 Principem
2983 1887 3104 1950 pro

832 1979 947 2022 suo
1000 1956 1316 2041 singulari
1349 1958 1417 2021 in
1449 1957 1914 2040 rempublicam
1964 1958 2196 2022 ardore
2245 1964 2313 2021 et
2363 1956 2718 2040 vigilantia,
2767 1958 2937 2021 tanti
2970 1978 3104 2021 mo-

830 2049 1029 2113 menti
1085 2047 1413 2129 negotium
1470 2046 1879 2111 dissimulare
1929 2047 2110 2112 nullo
2163 2046 2351 2111 modo
2401 2048 2716 2130 potuisse3
2747 2047 2856 2112 hic
2885 2053 3104 2111 autem

833 2138 1181 2220 diligenter
1230 2137 1768 2219 investigandum,
1801 2136 1981 2219 quos*
2011 2137 2129 2202 sub
2187 2138 2312 2202 hac
2361 2137 2806 2221 conjunctione
2849 2136 3106 2202 Domus

834 2229 1150 2293 Austriae
1200 2227 1567 2312 propositos
1628 2226 1750 2292 sibi
1800 2226 1962 2292 fines
2008 2227 2284 2308 habeat3
2337 2226 2446 2292 ubi
2499 2227 2724 2292 statim
2775 2228 3106 2292 evidenter

768 2329 777 2338 '
840 2319 1170 2401 cognitum
1224 2319 1307 2383 iri
1369 2338 1497 2382 non
1560 2318 1770 2382 solum
1819 2366 2021 2381 .....
2070 2324 2437 2383 nostrarum
2499 2317 2788 2400 Regibus
2849 2316 3109 2383 infinita

839 2408 1019 2473 mala
1080 2429 1446 2492 procurare,
1509 2407 1621 2472 sed
1683 2413 1750 2473 et
1810 2408 1948 2491 jam
1999 2407 2078 2473 de
2141 2408 2285 2491 ipsa
2353 2408 2710 2475 Germania.
2779 2408 3108 2491 totiusque

840 2499 1181 2565 christiani
1201 2496 1395 2565 Orbis
1418 2498 1850 2563 destructione
1868 2498 2234 2584 justissima
2253 2498 2659 2564 solicitudine
2679 2547 2694 2561 .
2716 2545 2730 2560 .
2753 2547 2765 2561 .
2788 2547 2802 2562 .
2821 2498 2914 2563 Et
2933 2499 3108 2563 enim

840 2611 985 2656 cum
1020 2590 1257 2654 nostris
1300 2589 1699 2673 temporibus
1750 2609 1934 2654 nemo
1986 2589 2348 2673 reperiatur
2399 2589 2510 2672 qui
2550 2588 2830 2654 Turcam
2861 2588 3108 2654 viribus

839 2701 1045 2762 aeque
1109 2731 1120 2742 .
1156 2731 1169 2743 .
1204 2731 1217 2743 .
1252 2729 1265 2743 .
1330 2700 1667 2744 numeroso
1733 2679 1942 2744 milite
2005 2681 2278 2762 aliisque
2341 2680 2424 2746 ad
2487 2677 2658 2744 bella
2725 2680 3105 2745 necessariis

832 2768 1329 2836 Austriacorum
1397 2768 1554 2834 fines
1617 2769 1943 2853 potentius
2012 2771 2330 2852 invadere,
2395 2775 2510 2834 aut
2587 2769 2783 2834 etiam
2845 2770 3104 2852 Regum

832 2867 1198 2925 nostrorum
1248 2866 1515 2925 conatus
1567 2859 1882 2944 impedire
1915 2867 1982 2924 et
2013 2865 2087 2924 ut
2117 2859 2450 2925 inclinarit
2501 2861 2707 2924 socius
2740 2860 2841 2924 vel
2875 2860 3098 2924 adver-

832 2973 959 3032 sus,
1010 2950 1252 3034 grande
1314 2955 1705 3016 momentum
1768 2950 1958 3014 rebus
2019 2950 2272 3016 adferre
2333 2951 2571 3034 possit:
2633 2949 2884 3014 nullum
2949 2970 3090 3015 esse

829 3041 1093 3106 dubium
1126 3041 1284 3122 quin
1316 3039 1565 3105 Domus
1600 3039 1912 3105 Austriae
1945 3047 2079 3104 tam
2109 3041 2392 3106 validum
2426 3041 2796 3122 Principem
2830 3041 3100 3105 arctiori

838 3131 1124 3196 amicitia.
1156 3152 1232 3197 ac
1263 3130 1516 3195 foedere
1549 3130 1670 3196 sibi
1704 3130 2084 3196 devinctura
2117 3130 2221 3212 sit,
2242 3137 2316 3195 ut
2333 3131 2566 3213 Regna
2596 3130 2768 3195 ferro
2799 3129 3104 3196 flammis-

844 3243 969 3304 que
1022 3242 1274 3304 semper
1324 3222 1613 3304 exposita
1644 3221 1727 3285 ab
1761 3221 2028 3285 immani
2072 3220 2256 3286 hoste
2309 3227 2449 3285 tuta.
2497 3220 2746 3298 reddat,
2775 3223 3108 3304 ipsiusque

841 3311 972 3375 tela
1003 3313 1069 3374 in
1104 3332 1250 3376 suos
1283 3311 1684 3376 adversarios
1735 3310 1945 3376 vibret
1977 3333 2054 3376 ac
2087 3311 2488 3394 detorqueat,
2519 3331 2672 3376 nam
2723 3331 2882 3376 auro
2934 3311 3107 3393 quic·

842 3423 1039 3484 quam
1059 3400 1406 3465 abhorrere
1427 3399 1772 3466 Caesarem
1793 3399 2217 3480 Catholicum‚
2230 3408 2296 3466 et
2315 3401 2542 3466 afflicti
2561 3400 2734 3466 orbis
2748 3399 3108 3466 Christiani

840 3543 853 3556 .
890 3543 903 3554 .
938 3541 951 3555 .
977 3491 1098 3555 tali
1128 3492 1316 3557 modo
1349 3491 1699 3556 crudeliter
1733 3492 1799 3556 in
1833 3494 2098 3574 propria
2128 3491 2418 3557 membra
2448 3491 2770 3572 desevire3
2805 3513 2948 3556 cum
2983 3491 3106 3555 toti

836 3581 1077 3645 mundo
1111 3587 1379 3658 constet,
1416 3603 1609 3663 quam
1646 3583 1928 3664 graviter
1960 3581 2036 3646 de
2071 3581 2487 3646 clandestinis
2527 3604 2672 3646 cum
2694 3578 3110 3647 Ottomanica

840 3671 1055 3736 Domo
1092 3671 1373 3754 oonsilys
1393 3672 1605 3754 Regni
1626 3672 1982 3736 Bohemiae
2003 3670 2228 3737 Status
2261 3673 2590 3754 conquest-i
2611 3674 2756 3736 sint.
2791 3670 2912 3737 Oui
2934 3693 3110 3738 acce-

844 3762 959 3826 ‹lat
994 3760 1165 3844 quod
1200 3767 1350 3825 ante
1396 3783 1634 3845 paucos
1683 3783 1934 3826 menses
1983 3762 2242 3845 publica
2289 3763 2464 3826 fama
2510 3762 2866 3826 innotuerit
2913 3763 3108 3826 etiam

846 3851 1317 3934 Hispaniarum
1368 3851 1617 3935 Regem
1664 3853 1975 3916 hactenus
2014 3853 2092 3916 de
2132 3849 2493 3917 Sanctitate
2535 3852 2671 3917 Sua
2702 3859 2767 3916 et
2795 3853 3112 3917 acerrimo

840 3947 1070 4004 contra
1133 3940 1423 4006 infideles
1475 3943 1621 4006 odio
1669 3941 2014 4024 magnifica
2054 3941 2306 4025 jactare
2353 3942 2612 4006 solitum
2643 3944 2910 4008 nuncin
2943 3965 3110 4008 com·

848 4032 1061 4095 munis
1135 4031 1567 4112 Evangelio-ae
1644 4034 1738 4096 rei
1815 4053 2120 4116 praesens
2198 4033 2466 4096 exitium
2535 4054 2575 4096 a
2635 4031 3113 4098 Musulmannis

850 4142 1075 4204 pacem
1114 4121 1551 4202 emendicare3
1584 4122 1754 4205 quod
1787 4143 1862 4187 eo
1894 4121 2264 4187 credibilius
2297 4129 2410 4203 est,
2430 4144 2558 4206 quo
2590 4124 2798 4206 gentis
2818 4123 3112 4188 Iber-icae

851 4233 973 4275 usu
1019 4211 1361 4293 probatum
1405 4213 1659 4276 axioma
1716 4212 1956 4282 clarius
2005 4214 2303 4291 innotuit,
2343 4213 2504 4277 nihil
2551 4219 2742 4297 turpe
2774 4215 2828 4277 si
2861 4234 3114 4278 conser-

849 4301 1099 4364 vandae
1134 4300 1557 4366 dominationi
1599 4303 1933 4380 conducat,
1965 4300 2074 4367 ubi
2129 4301 2324 4367 altius
2373 4302 2904 4368 considerandum
2937 4305 3113 4386 quod

842 4389 1094 4454 Domus
1136 4389 1409 4455 Austris
1445 4393 1585 4457 loco
1618 4415 1731 4457 suo
1765 4394 2104 4474 antiquum
2138 4392 2443 4469 obtineat,
2475 4400 2550 4458 ut
2579 4399 2726 4476 pote
2760 4415 2924 4476 quae
2956 4403 3112 4458 ante

846 4501 923 4544 ac
959 4482 1050 4544 eis
1084 4482 1478 4564 temporibus
1513 4483 1632 4546 sub
1672 4484 2017 4560 immagino.
2068 4483 2331 4566 pietatis
2365 4490 2430 4547 et
2461 4483 2636 4548 fama
2665 4483 2817 4549 belli
2853 4483 3114 4550 Ture-ici
