3459 5300
819 380 938 431 180
1170 374 1352 432 1225.
1387 383 2005 431 rAnAcsnArAnozAm-ox.
2036 385 2237 430 xovss‘ri
2272 382 2793 431 unornusssz'rsssax.

811 551 1012 614 Porta
1033 549 1095 612 di
1123 570 1206 611 nn
1220 550 1659 614 ambassatore
1671 548 1776 613 del
1791 547 2095 632 Principe
2112 548 2176 613 di
2192 549 2664 626 Transilvania‚
2676 548 2727 615 11
2747 548 2940 631 quale
2960 550 3084 613 nel*

812 638 1124 705 audienza
1145 638 1252 704 del
1273 638 1620 705 Caimacan
1658 661 1784 703 non
1806 642 1996 721 passo
2022 638 2105 703 ad
2127 639 2293 704 altro
2327 640 2445 705 che
2476 662 2517 703 a
2548 638 2715 703 darli
2754 644 2941 703 conto
2982 640 3087 703 del

811 728 1054 795 tributo
1103 736 1360 815 portato
1411 752 1529 797 con
1591 751 1720 795 uua
1773 730 2009 794 lettera
2058 730 2163 794 del
2194 729 2542 795 medesimo
2604 729 2905 812 Principe
2968 730 3087 795 che

809 821 978 885 altro
1009 840 1138 885 non
1174 828 1539 903 conteneva‚
1572 826 1638 885 et
1668 817 1834 885 delle
1866 840 2056 884 nozze
2100 840 2217 884 con
2251 821 2317 885 la
2348 819 2583 884 sorella
2621 818 2689 883 di
2726 818 3087 885 Brandem-

810 910 992 995 burg.
1025 911 1164 977 Era
1199 932 1340 977 esso
1361 909 1590 976 Ambre
1625 915 1801 975 stato
1838 907 2259 975 banchettato
2280 912 2347 974 in
2367 909 2623 975 Divano
2657 914 2776 975 etc.
2813 910 2943 994 egli
2974 911 3026 975 si
3050 912 3087 973 ὸ

811 1001 1159 1067 abboccato
1192 1023 1311 1066 con
1344 999 1618 1067 l'Ambf‘³
1651 1000 1718 1065 di
1739 1005 1985 1065 cotesta
2015 999 2293 1078 Maesta,
2314 1022 2432 1065 con
2463 999 2510 1064 il
2543 1005 2764 1065 nostro
2797 1001 2989 1067 Bailo
3021 1008 3089 1066 et

809 1112 928 1156 con
968 1091 1184 1175 quello
1235 1092 1298 1157 di
1333 1090 1608 1171 Olanda‚
1655 1088 2163 1169 assicurandoli,
2214 1092 2331 1155 che
2383 1092 2767 1157 continuara
2813 1091 2920 1157 nel
2969 1113 3087 1159 suo

812 1182 1086 1267 Signore
1117 1184 1397 1248 tuttavia
1428 1183 1496 1248 la
1533 1183 1749 1248 buona
1780 1179 2197 1263 dispositione
2230 1181 2295 1246 di
2326 1182 2565 1246 servire
2616 1182 2748 1264 agli
2790 1184 3087 1247 interessi

810 1272 982 1338 della
1001 1274 1200 1356 Lega‚
1212 1280 1278 1337 et
1295 1274 1412 1339 che
1433 1294 1546 1339 era
1564 1279 1735 1339 stato
1756 1270 2231 1337 ansiosamente
2251 1270 2641 1338 attendendo
2662 1272 2771 1336 dai
2790 1264 3087 1355 Principi

810 1363 1179 1429 interessati
1189 1362 1464 1447 qualche
1478 1364 1853 1430 risolutione
1874 1360 2002 1427 alle
2023 1382 2135 1426 sue
2157 1361 2517 1443 exibitioni3
2554 1362 2602 1427 il
2624 1384 2751 1427 non
2773 1383 2945 1427 esser
2953 1364 3088 1428 mai

810 1460 1069 1531 venuta,
1106 1454 1196 1537 gli
1246 1452 1466 1518 faceva
1515 1476 1582 1519 ci
1585 1452 1778 1519 edere
1818 1452 1935 1517 che
1985 1473 2115 1516 non
2161 1451 2471 1518 inclinino
2522 1453 2605 1517 ad
2638 1450 3085 1519 abbraciar-la
3071 1506 3086 1534 ,

812 1545 928 1611 che
979 1543 1363 1609 nondimeno
1395 1564 1510 1628 per
1547 1550 1865 1609 mostrare
1915 1541 1981 1607 la
2012 1564 2132 1607 sua
2170 1548 2529 1626 prontezza,
2560 1544 2806 1609 havera
2836 1550 3087 1609 mante-

812 1640 972 1701 nuto
1003 1634 1079 1699 X
1108 1634 1286 1699 mille
1324 1633 1574 1713 cavalli,
1605 1638 1837 1717 prouto
1870 1631 1953 1697 ad
1984 1653 2313 1700 accrescet·
2360 1633 2408 1699 il
2440 1633 2617 1698 detto
2650 1654 2916 1701 numero
2948 1634 3080 1699 fino

813 1746 854 1791 a
885 1729 970 1792 25
1021 1725 1198 1790 mille
1262 1724 1417 1790 tutti
1454 1748 1494 1790 a
1526 1724 1791 1801 cavallo,
1842 1729 1908 1786 et
1945 1745 1986 1788 a
2018 1744 2311 1807 rompere
2351 1723 2460 1789 all'
2492 1724 2695 1807 Impre
2728 1723 2793 1789 la
2832 1746 3087 1809 guerra,

813 1815 1069 1899 quando
1122 1814 1214 1899 gli
1247 1836 1452 1899 veuga
1505 1814 1610 1881 dai
1645 1814 1935 1897 Principi
1970 1814 2036 1879 la
2069 1813 2483 1895 risolutione3
2522 1834 2715 1881 senza
2746 1814 2793 1880 il
2825 1817 2930 1880 cui
2966 1838 3083 1899 ap·

813 1906 1004 1990 pogio
1036 1927 1166 1971 non
1196 1906 1411 1973 volere
1447 1905 1930 1986 imbarazzarsi,
1965 1903 2081 1969 che
2112 1905 2269 1987 peri»
2302 1904 2345 1970 il
2384 1910 2552 1971 tutto
2589 1904 2867 1988 dipende
2910 1905 3079 1971 della

815 1996 953 2062 sola
1001 1996 1264 2061 volonta
1314 2002 1381 2061 et
1426 1995 1808 2061 risolutione
1860 1994 2035 2060 della
2083 1996 2283 2079 Lega,
2346 1994 2463 2059 che
2513 1994 2799 2061 stabilite
2830 1995 2892 2060 le
2924 2017 3088 2067 cose.

815 2108 988 2152 esser
1036 2093 1270 2171 pronto
1319 2088 1641 2153 muoversi
1696 2107 1814 2151 con
1848 2083 1942 2164 X,
1994 2083 2137 2153 XV
2191 2091 2255 2151 et
2304 2090 2389 2151 40
2424 2083 2601 2151 mille
2654 2085 2888 2151 soldati
2940 2108 3089 2152 con·

814 2176 1018 2242 forme
1043 2198 1084 2242 a
1109 2177 1327 2260 quello
1359 2178 1512 2241 sara
1542 2178 1858 2242 ricercato
1891 2173 2002 2240 dai
2034 2174 2325 2258 Principi
2358 2176 2793 2257 confederati3
2824 2176 2941 2245 che
2973 2200 3088 2281 pa-

813 2288 965 2333 reva
997 2273 1348 2336 restassero
1381 2267 1506 2333 essi
1537 2265 1756 2332 Ambn
1775 2266 1945 2331 assai
1978 2265 2176 2349 paghi
2206 2265 2381 2332 della
2420 2266 2726 2331 sincerita
2756 2228 2860 2331 del
2892 2268 3088 2332 Prin-

814 2358 974 2443 cipe,
1005 2378 1081 2422 ne
1110 2378 1440 2441 ponevano
1473 2358 1542 2422 in
1577 2356 1773 2421 dubio
1824 2356 1939 2421 che
1973 2355 2323 2439 rompeudo
2354 2356 2420 2422 la
2459 2376 2695 2440 guerra
2742 2356 2851 2422 all'
2881 2356 3089 2441 ΙιιιῙ)“

815 2468 946 2514 non
977 2448 1119 2513 sian
1154 2448 1397 2515 Tui-chi
1431 2469 1546 2531 per
1579 2446 1938 2530 assistergli
1970 2453 2087 2511 etc.

1263 2771 1327 2837 A
1375 2772 1677 2859 Siynoria
1731 2771 1916 2836 leveze
1969 2771 2233 2836 Bethlem.
2280 2771 2622 2840 Gaborhoz.

1041 2955 1232 3018 1625.
1265 2949 1501 3038 (1626)
1538 2957 1622 3018 30
1657 2951 1969 3020 Gennaro
2000 2953 2069 3018 in
2102 2954 2403 3037 Pregadi.

1033 3059 1146 3126 Ad
1179 3059 1677 3129 Transilvaniae
1709 3063 2100 3146 Principem.

1032 3165 1211 3252 Quas
1231 3169 1484 3234 litteras
1496 3168 1831 3236 Celsitudo
1843 3169 2085 3238 Vestra
2096 3167 2200 3237 VI
2220 3169 2382 3236 Idus
2394 3167 2781 3235 Novembris
2802 3170 3088 3250 dederat,
3104 3183 3125 3200 ⁶

822 3278 936 3324 eae
967 3257 1128 3325 VH.
1159 3257 1470 3324 kalendas
1516 3257 1862 3324 Februarii
1896 3259 2188 3342 perlatae
2238 3265 2393 3325 sunt
2423 3258 2506 3324 ab
2558 3260 2695 3344 ejus
2745 3259 3089 3342 familiare,

820 3348 1058 3414 amoris
1080 3353 1146 3413 et
1165 3349 1593 3415 humanitatis
1614 3350 1965 3432 plurimum
1985 3350 2331 3430 referente3
2350 3371 2500 3415 nam
2520 3351 2803 3434 optimae
2826 3357 3087 3417 nostrae

821 3439 888 3503 in
919 3459 1061 3504 eam
1109 3439 1556 3523 propensionis
1607 3440 1861 3505 conscia
1911 3439 2115 3506 voluit
2162 3463 2241 3506 ex
2292 3442 2424 3506 suis
2476 3441 2559 3506 ad
2591 3462 2707 3507 nos
2740 3448 2807 3506 et
2837 3441 3087 3524 Reipu-

818 3529 1026 3594 blicae
1058 3529 1405 3595 Senatores
1437 3527 1690 3613 litteris,
1718 3536 1785 3595 et
1820 3532 1918 3596 sui
1952 3530 2291 3598 familiaris
2324 3531 2613 3598 oratione
2651 3552 2874 3597 eorum
2914 3553 3085 3616 quac

821 3639 1134 3703 prospera
1165 3618 1287 3685 sibi
1319 3620 1577 3698 cadunt,
1627 3641 1744 3686 nos
1797 3641 1937 3686 esse
1968 3621 2332 3705 participes.

1034 3709 1549 3776 Prudentissime
1587 3711 1849 3794 quidem
1898 3733 1939 3776 a
1988 3709 2199 3777 Cels⁰⁰
2251 3713 2369 3780 ν’·
2401 3712 2886 3781 matrimonium
2938 3734 3087 3779 con-

821 3805 1105 3865 tractum
1135 3804 1235 3866 est
1265 3821 1410 3865 cum
1461 3801 1779 3868 Catarina
1828 3801 2480 3886 Brandenburgensis
2530 3803 2933 3870 Mar-chionis
2984 3826 3086 3870 so-

822 3910 966 3956 rore
1027 3890 1264 3956 eximia
1324 3911 1478 3956 sane
1540 3891 1834 3978 foemina,
1883 3912 1918 3955 e
1970 3913 2101 3976 qua
2161 3891 2401 3958 liberos
2462 3899 2537 3959 ut
2590 3894 2915 3978 suscipiat,
2968 3897 3083 3978 qui
3210 3941 3225 3954 .

821 3986 1036 4046 tantos
1067 3987 1369 4064 parentes
1401 3980 1753 4060 imitentur,
1792 4002 2011 4047 eorum
2041 3984 2315 4048 virtutes
2356 3983 2589 4066 colant,
2622 4005 2657 4048 e
2692 3991 2844 4050 uoto
2882 4005 3089 4068 augu-

821 4091 1062 4137 ramur.
1096 4069 1526 4139 Grratulamur
1557 4072 1799 4155 itaque,
1850 4073 2150 4156 omnique
2200 4073 2416 4139 studio
2449 4073 2877 4159 gratulamur,
2911 4075 3089 4158 quod

821 4162 891 4227 in
922 4182 1256 4228 commune
1305 4161 1544 4228 bonum
1594 4182 1741 4228 cum
1790 4161 2127 4229 Celsitudo
2173 4161 2412 4230 Vestra
2460 4164 2706 4244 tendat,
2760 4167 3089 4231 communi

823 4270 1079 4334 quoque
1109 4250 1278 4317 bono
1306 4250 1472 4317 illud
1502 4254 1986 4319 matrimonium
2035 4253 2326 4318 futurum
2360 4255 2625 4320 minime
2656 4260 2757 4321 est
2782 4253 3089 4321 dubitan-

825 4339 995 4418 dum,
1026 4339 1205 4420 illud,
1237 4349 1310 4407 ut
1341 4363 1658 4422 vovemu8‚
1689 4343 1981 4409 fortunet
2010 4343 2208 4410 Deus.
2236 4342 2485 4412 Verum
2505 4346 2671 4412 illud
2707 4347 2775 4410 in
2808 4346 2946 4429 ejus
2978 4345 3089 4411 lit·

827 4431 986 4494 teris
1025 4431 1272 4498 accedit
1292 4433 1877 4516 perspectissimum
1912 4435 2153 4499 amoris
2183 4435 2251 4501 in
2272 4435 2766 4520 Rempublicam
2798 4442 3087 4501 nostram

825 4527 1294 4605 argumentum,
1329 4523 1498 4606 quod
1531 4521 1688 4602 Nos,
1723 4525 2138 4608 ejusdemque
2172 4524 2593 4608 Reipublicae
2622 4525 2967 4592 Senatores
3002 4528 3088 4591 ad
