3459 5300
1225 349 1413 412 1626.
1447 359 1633 408 Jt'tmvs
1676 355 1773 410 ll.
2504 353 2625 409 6:39

367 527 639 592 consilia
670 548 838 609 quae
870 526 1064 591 certis
1097 547 1469 608 summeque
1503 528 1881 592 necessariis
1931 527 2291 592 rationibus
2342 527 2633 594 stabilita

365 639 688 682 remoram
719 619 1010 700 aliquam
1040 617 1356 682 voluntati
1389 637 1544 681 suae
1564 619 1859 697 iniecere,
1891 639 1965 682 eo
1998 624 2187 702 pacto
2219 617 2305 683 vab
2337 617 2633 684 omnibus

366 709 479 792 qui
511 711 768 792 penitus
801 728 905 772 res
937 726 1155 772 omnes
1187 707 1579 789 perscrutati
1629 713 1887 774 maturo
1919 708 2145 773 iuditio
2176 729 2287 773 eas
2317 709 2633 792 pondera-

363 801 500 864 rint
531 799 882 877 aestimari,
914 819 1042 880 quo
1073 803 1138 861 et
1169 818 1410 880 aequas
1442 819 1665 862 earum
1699 819 1945 876 causas,
1976 806 2044 862 et
2074 820 2203 863 non
2233 801 2425 863 inane
2458 798 2629 864 Suae

366 887 790 954 Celsitudinis
843 887 1179 971 prudentis
1242 889 1440 952 animi
1487 887 1788 953 iuditium
1818 888 2278 972 deprehensuri
2312 890 2455 954 sint.
2506 889 2636 954 Sed

365 981 674 1063 quoniam
705 979 900 1044 altius
931 977 1053 1043 hoc
1081 984 1368 1061 tempore
1400 978 1600 1043 totius
1631 980 1726 1043 rei
1758 981 1988 1043 seriem
2019 1000 2234 1044 secum
2268 978 2404 1044 Sua
2435 979 2637 1046 Celsi-

365 1070 524 1134 tudo
586 1070 1040 1153 contemplata,
1073 1075 1137 1132 et
1168 1069 1224 1133 si
1254 1070 1582 1151 negotium
1632 1069 1755 1134 hoc
1787 1090 2054 1135 comune
2086 1071 2182 1135 uti
2220 1071 2496 1134 maxime
2531 1093 2631 1136 ar-

366 1161 570 1224 duum
601 1160 992 1243 summisque
1025 1157 1517 1225 difficultatibus
1550 1166 1617 1223 et
1647 1161 1893 1243 ingenti
1942 1159 2164 1225 labore
2195 1159 2459 1244 plenum
2492 1183 2631 1226 esse

365 1251 707 1333 intelliget,
739 1269 948 1333 neque
979 1255 1158 1314 certa
1188 1248 1310 1314 sibi
1343 1249 1611 1314 consilia
1673 1250 1903 1328 desint,
1970 1250 2203 1331 quibus
2240 1249 2633 1316 inhaerendo

367 1342 580 1406 adhuc
641 1339 914 1406 ulterius
947 1361 1023 1403 ex
1054 1345 1240 1423 parte
1272 1361 1391 1404 sua
1420 1338 1666 1405 differri
1727 1340 1888 1406 haec
1920 1340 2152 1406 debere
2186 1347 2463 1423 putaret.
2525 1341 2631 1408 Ne

366 1438 588 1497 tamen
637 1437 703 1496 et
751 1431 887 1513 spei
938 1435 1269 1495 tantorum
1331 1430 1708 1513 Principum
1741 1431 1820 1495 de
1854 1453 1921 1496 se
1953 1437 2314 1512 conceptae,
2350 1437 2417 1496 et
2447 1453 2634 1516 expe-

365 1521 638 1587 ctationi
686 1521 970 1585 omnium
1002 1520 1222 1585 deesse
1253 1519 1566 1599 videatur,
1615 1521 2003 1604 damnumqe
2065 1521 2327 1604 aliquod
2406 1523 2633 1604 ingens

366 1634 552 1676 mora
584 1611 854 1676 ulterior
905 1610 1156 1693 pariat,
1203 1610 1746 1677 Christianissimi
1796 1609 2165 1677 Galliarum
2200 1610 2633 1678 Serenissimi-

367 1723 496 1785 que
527 1701 813 1784 Magnae
845 1700 1232 1766 Britanniae
1261 1701 1481 1783 RegiS,
1515 1700 2114 1768 Illustrissimorum
2148 1700 2457 1768 Statuum
2487 1725 2633 1769 con-

365 1791 802 1857 federatorum
851 1790 1068 1873 Belgii
1130 1789 1652 1874 reliquorumque
1683 1792 1860 1857 orbis
1892 1793 2249 1860 Christiani
2282 1794 2537 1877 Regum
2568 1801 2635 1859 et

368 1883 744 1965 Principum
775 1881 1056 1947 consiliis
1088 1903 1320 1964 parere
1341 1881 1788 1966 voluntatique
1821 1889 1888 1948 et
1918 1883 2323 1966 requisitioni
2375 1885 2631 1969 saepius

375 1973 589 2038 factae
621 1971 997 2038 satisfacere
1027 1972 1377 2037 constituit.

587 2062 822 2144 Itaque
853 2061 1168 2145 quidquid
1197 2063 1264 2126 in
1285 2084 1352 2128 se
1385 2084 1522 2126 esse
1543 2062 1879 2144 intelleget
1896 2063 2035 2145 opis
2067 2069 2131 2127 et
2160 2064 2417 2142 uirium,
2450 2065 2632 2146 quid-

373 2154 531 2236 quid
597 2151 848 2218 consilii
880 2157 946 2216 et
977 2152 1368 2217 auxiliorum
1429 2152 1595 2218 illud
1657 2153 2141 2237 promptissima
2198 2152 2531 2220 voluntate
2561 2155 2627 2219 in

371 2264 708 2308 commune
771 2242 1059 2307 conferre
1091 2264 1157 2307 se
1189 2250 1491 2326 paratum
1553 2263 1692 2307 esse
1723 2241 2031 2321 declarat,
2092 2250 2269 2308 certa
2301 2265 2413 2327 spe
2444 2244 2629 2322 freta,

369 2333 831 2400 Serenissimos
893 2333 1124 2416 RegeS,
1185 2332 1672 2399 Illustrissimos
1707 2331 1935 2399 Status
1968 2354 2043 2397 eo
2074 2339 2269 2417 pacto
2298 2334 2629 2416 negotium

367 2446 558 2490 omne
620 2432 1046 2508 promoturos,
1107 2444 1234 2505 quo
1295 2423 1692 2488 voluntatem
1754 2446 1939 2490 suam
1999 2423 2123 2490 hac
2170 2425 2239 2487 in
2270 2445 2342 2488 re
2374 2427 2629 2508 saepius

367 2513 756 2580 Celsitudini
818 2511 990 2578 Suae
1053 2513 1452 2580 declaratam
1501 2513 1774 2591 voluere,
1805 2535 2015 2598 neque
2046 2514 2400 2597 quidquam
2432 2515 2629 2580 inter-

365 2606 676 2671 missuros
707 2624 864 2685 esse,
899 2624 1026 2687 quo
1059 2611 1363 2671 constans
1397 2605 1711 2690 propositi
1743 2607 1845 2671 sui
1878 2604 2209 2671 decretum
2242 2607 2416 2671 omni
2449 2626 2627 2671 occa-

365 2698 544 2761 sione
577 2694 964 2761 Oelsitudini
1025 2695 1228 2779 ipsius
1281 2696 1498 2780 palam
1530 2694 1761 2773 facere,
1792 2696 2084 2780 illudque
2134 2718 2382 2761 summo
2414 2696 2627 2761 studio

365 2788 600 2853 testavi
662 2786 928 2870 possint.
977 2786 1069 2849 Et
1100 2786 1406 2869 quoniam
1441 2785 1904 2851 Serenissimus
1965 2786 2279 2870 Princeps
2311 2793 2376 2851 et
2405 2788 2629 2853 Domi-

363 2900 488 2942 nus
521 2898 700 2942 meus
733 2873 1285 2941 Clementissimus
1348 2876 1540 2941 rebus
1572 2875 1869 2941 omnibus
1921 2876 2117 2942 altius
2150 2898 2363 2941 secum
2396 2878 2629 2962 ponde·

365 2969 528 3035 ratis
549 3018 564 3045 ,
627 2972 1006 3048 matureque
1069 2973 1360 3033 statuum
1423 2966 1924 3031 circumstantiis
2008 2967 2445 3045 considerati8‚
2508 2970 2629 3034 hoc

366 3079 615 3124 summe
646 3056 1080 3124 necessarium
1130 3057 1214 3122 ad
1245 3078 1382 3121 rem
1413 3076 1749 3121 comunem
1788 3057 2285 3141 promovendam
2318 3058 2439 3123 hoc
2469 3065 2628 3123 tem-

363 3169 522 3233 pore
544 3148 956 3228 existimauit,
977 3152 1050 3210 ut
1069 3148 1547 3232 quamprimum
1569 3167 1646 3211 ex
1665 3153 1853 3229 parte
1873 3168 1989 3211 sua
2009 3148 2268 3212 evidens
2300 3170 2625 3213 armorum

365 3258 767 3323 progressus,
789 3242 854 3301 et
884 3235 1137 3302 hostilis
1169 3236 1448 3302 diuersio
1482 3236 1735 3302 institui
1768 3238 1987 3320 possit.
2021 3238 2125 3302 Ea
2156 3238 2237 3302 de
2268 3260 2465 3305 causa
2499 3261 2625 3303 non

365 3329 729 3405 intermisit,
791 3328 950 3409 quin
981 3326 1299 3394 Visirium
1360 3327 1729 3392 Budensem
1779 3327 1860 3390 de
1907 3328 2236 3393 voluntate
2275 3349 2393 3393 sua
2424 3329 2625 3392 consi-

365 3420 596 3503 liisque
659 3416 998 3482 certiorem
1059 3416 1377 3495 redderet,
1438 3419 1701 3500 eiusque
1735 3418 2023 3483 animum
2052 3418 2177 3484 hac
2208 3420 2276 3483 in
2306 3439 2377 3482 re
2413 3418 2626 3501 explo-

363 3516 580 3589 raret3
631 3530 776 3572 cum
808 3508 1192 3589 praesertim
1226 3507 1467 3589 absque
1500 3507 1741 3572 viribus
1774 3513 1838 3572 et
1867 3508 2198 3573 voluntate
2261 3508 2625 3573 Turcarum

363 3622 434 3664 se
462 3598 710 3664 idoneis
743 3598 824 3663 ad
858 3597 1026 3662 hanc
1056 3619 1192 3663 rem
1223 3598 1290 3662 in
1324 3597 1619 3663 effectum
1651 3597 2091 3665 deducendam
2142 3597 2370 3663 mediis
2432 3598 2624 3663 desti-

365 3691 464 3755 tui
496 3688 1053 3765 animadverteret‚
1085 3710 1276 3771 quem
1308 3710 1452 3754 cum
1484 3694 1788 3771 paratum
1820 3688 1905 3754 ad
1937 3690 2153 3754 omnia
2183 3710 2261 3752 ex
2296 3688 2625 3754 voluntate

365 3778 541 3845 Suae
572 3777 992 3845 Celsitudinis
1024 3779 1409 3861 peragenda,
1459 3778 1760 3861 ultroque
1792 3780 2121 3862 negotium
2153 3779 2274 3844 1166
2306 3780 2625 3844 constanti

365 3870 578 3935 studio
624 3873 1071 3952 promoturum
1103 3868 1512 3947 intellexerit,
1562 3870 1911 3933 maximam
1932 3871 2053 3935 hac
2084 3871 2151 3933 in
2183 3890 2253 3933 re
2290 3890 2487 3953 spem,
2518 3891 2624 3933 116-

366 3981 490 4043 que
522 3960 821 4043 exiguum
851 3960 1054 4023 totius
1087 3960 1328 4042 negotii
1388 3979 1803 4042 progressum
1862 3959 2198 4026 Celsitudo
2248 3960 2449 4041 ipsius
2480 3980 2625 4025 con-

370 4050 600 4135 sistere
659 4047 982 4114 arbitrata
1014 4053 1128 4127 est,
1191 4070 1397 4132 neque
1459 4048 1812 4114 intermisit
1872 4050 2029 4132 quin
2093 4050 2317 4115 statim
2379 4048 2621 4115 Aulam

364 4138 846 4206 Ottomanicam
877 4160 993 4222 per
1023 4137 1220 4203 fidum
1255 4146 1632 4221 certumque
1665 4139 2155 4205 Internuncium
2196 4161 2381 4204 suum
2413 4143 2625 4223 requi-

363 4236 552 4309 reret,
616 4230 1086 4312 certioremque
1119 4230 1449 4297 Vesirium
1487 4229 1566 4293 de
1617 4228 1912 4295 omnibus
1976 4230 2292 4307 redderet,
2332 4230 2626 4295 consilia-

365 4343 489 4405 que
521 4342 657 4404 sua,
690 4326 757 4384 et
786 4319 984 4384 totius
1034 4320 1130 4383 rei
1160 4322 1389 4385 seriem
1452 4319 1674 4385 ordine
1707 4320 2073 4404 explicaret,
2106 4342 2249 4385 cum
2283 4320 2627 4403 praecipue

365 4411 528 4476 nihil
558 4412 624 4475 in
655 4432 792 4475 rem
827 4430 1226 4475 communem
1258 4410 1466 4493 magis
1525 4410 1979 4490 necessarium,
2030 4410 2191 4475 nihil
2222 4411 2627 4495 praesentius

363 4501 558 4566 rebus
588 4499 1035 4585 promovendis
1098 4502 1470 4580 remedium,
1531 4523 1726 4584 quam
1780 4500 2135 4567 amicitiam
2169 4501 2627 4567 confederatio-
