3459 5300
849 341 927 394 20
939 343 971 395 (3
1169 340 1190 393 l
1207 343 1240 395 6
1252 346 1284 394 2
1297 341 1350 396 6.
1374 343 1994 394 'rAxAcsun·.iuoznox.
2028 345 2245 394 κὸνιετι.
2261 343 2782 394 stowensi-:suasam

845 513 1174 596 aequitate
1225 535 1350 576 non
1401 513 1589 577 modo
1638 535 1765 578 non
1817 513 2269 593 admiraretur,
2320 512 2431 577 sed
2469 517 2535 576 ct
2584 510 2792 575 eidem
2830 507 3109 574 maxime

845 602 1229 668 condoleret.
1263 603 1436 668 Nam
1469 625 1629 685 quos
1667 610 2075 687 quantosque
2114 609 2406 686 sumptus
2439 623 2636 668 causa
2667 600 2879 670 Vallis
2911 597 3112 664 Teni-

843 715 966 758 nae
999 694 1065 757 in
1097 694 1531 758 conservando
1564 695 1853 763 exercitu
1884 717 2016 771 suo,
2049 699 2121 758 ut
2152 693 2283 758 alia
2315 694 2370 758 si
2408 713 2537 757 non
2558 690 2808 774 majora
2840 696 3112 766 taceam,

847 783 1136 867 quotidie
1167 784 1514 867 impendat,
1565 791 1638 849 ut
1674 783 2068 866 incredibile,
2100 785 2193 848 ita
2242 784 2447 866 magis
2490 778 3112 866 inconprehensibile

847 875 1092 957 absque
1177 875 1350 938 omni
1417 873 1803 940 difficultate
1890 873 2275 940 censendum
2352 879 2467 938 est.
2546 871 2819 938 Utinam
2897 870 3113 934 animo

788 1043 796 1050 ,
845 985 987 1028 meo
1023 965 1096 1028 in
1148 963 1228 1031 V.
1279 963 1372 1028 M.
1421 965 1759 1030 humilime
1810 971 1876 1029 et
1928 963 2301 1030 fidelissimo
2350 963 2518 1028 vires
2570 961 3115 1045 correspederent,

845 1054 1094 1118 felicem
1147 1062 1342 1137 atque
1399 1055 1660 1120 beatum
1722 1077 1825 1120 me
1874 1055 2227 1120 iudicarem
2249 1105 2263 1132 ,
2314 1055 2368 1118 si
2416 1053 2712 1118 heroicae
2770 1049 3115 1116 intentioni

846 1145 948 1210 M.
991 1143 1072 1211 V.
1125 1145 1323 1208 etiam
1375 1167 1520 1210 cum
1571 1147 1742 1210 vitae
1804 1145 2262 1228 sanguinisque
2320 1144 2689 1228 profusione
2708 1193 2723 1220 ,
2786 1140 3115 1207 commode

849 1234 1158 1300 inservire
1188 1236 1447 1318 possim,
1482 1234 1656 1318 quod
1686 1234 1787 1300 his
1820 1236 1887 1302 in
1937 1236 2109 1317 lociS‚
2160 1241 2353 1320 prout
2391 1234 2589 1299 debeo
2634 1233 2853 1317 jussus
2902 1232 3117 1296 facere

850 1343 1180 1407 nunquam
1231 1325 1590 1409 negligam3
1642 1326 1973 1392 humilime
2035 1348 2226 1391 orans
2277 1327 2369 1390 M.
2410 1324 2491 1393 V.
2556 1325 2859 1407 dignetur
2920 1341 3117 1405 porro

850 1435 1134 1481 amorem
1170 1422 1236 1480 et
1288 1416 1696 1480 clementiam
1736 1438 1919 1481 suam
1952 1417 2017 1481 in
2052 1438 2150 1482 me
2190 1415 2584 1493 continuare,
2616 1415 2720 1479 cui
2750 1435 2869 1497 ego
2900 1433 2941 1476 a
2972 1409 3121 1476 Deo

850 1506 1094 1588 optimo
1147 1505 1425 1570 maximo
1455 1527 1674 1570 rerum
1725 1528 2071 1585 successus»,
2109 1506 2577 1590 prosperrimas
2617 1504 2919 1568 victorias
2970 1522 3119 1566 con-

851 1603 956 1660 tra
987 1595 1203 1660 hostes
1235 1602 1488 1662 nostros
1539 1602 1604 1661 et
1652 1597 2015 1681 triumphos
2065 1597 2260 1662 etiam
2310 1595 2485 1680 apud
2523 1595 2969 1679 posteritatem
3000 1591 3119 1655 im·

855 1684 1325 1751 marcescibiles
1357 1687 1661 1752 animitus
1694 1691 1761 1750 et
1794 1687 2127 1752 humilime
2157 1707 2351 1750 voveo
2383 1692 2448 1751 et
2478 1705 2703 1770 precor
2736 1704 3004 1767 semper.

1161 2101 1221 2165 T
1221 2103 1382 2164 hum
1414 2101 1572 2188 yrof
1598 2099 1781 2165 levele
1813 2099 2191 2185 Strassbury
2226 2097 2355 2164 Ράῑ
2381 2099 2820 2185 kapitdnyhoz.

1071 2261 1130 2326 A
1165 2273 1330 2348 terqo
1350 2286 1370 2325 .·
1404 2262 1608 2345 Copia
1626 2261 1994 2327 litterarum
2016 2261 2286 2328 Comitis
2308 2283 2347 2326 a
2368 2263 2566 2328 Turri
2598 2262 2683 2327 ad
2716 2263 2891 2328 D¹¹¹¹¹¹¹
2924 2261 3121 2346 Capi-

859 2361 1121 2418 taneum
1151 2353 1436 2418 Paulum
1469 2351 2035 2436 Strassburghum.

1071 2475 1326 2542 Nobilis
1377 2476 1733 2562 Conspicue
1785 2487 1849 2544 et
1896 2478 2173 2566 fideliter
2231 2480 2461 2545 dilecte
2500 2477 2857 2562 Capitanee
2907 2477 3124 2544 Stras-

861 2565 1090 2651 burgh.
1123 2561 1392 2632 Summa
1423 2567 1616 2633 officii
1652 2569 1779 2634 mei
1813 2570 2322 2636 commissionem
2353 2569 2513 2634 mihi
2561 2571 2927 2655 impositam
2975 2591 3125 2634 cum

859 2659 1183 2740 personali
1203 2657 1498 2725 Venetiis
1519 2661 1978 2743 comparitione
1998 2662 2228 2744 exequi
2248 2661 2427 2726 nullo
2446 2662 2635 2727 modo
2665 2661 2803 2745 pati
2836 2666 3124 2744 potuere.

859 2746 1052 2812 Talia
1083 2768 1358 2831 namque
1391 2750 1664 2832 saepiuS,
1695 2751 1763 2814 in
1813 2752 2139 2836 insperato
2182 2752 2489 2835 temporis
2526 2751 2805 2816 articulo
2854 2752 2923 2815 in
2956 2750 3125 2833 ejus-

859 2837 1032 2902 modi
1065 2838 1352 2903 exercitu
1372 2838 1662 2905 accidere
1693 2841 1920 2919 solent,
1942 2863 2106 2923 quae
2128 2842 2521 2925 presentiam
2540 2841 2717 2907 illius
2736 2840 2931 2907 officii
2950 2841 3127 2924 quod

861 2949 1031 2992 nunc
1066 2928 1222 2992 mihi
1255 2928 1571 2994 incumbit
1601 2933 1961 2996 necessario
1993 2933 2347 3015 requirunt,
2381 2953 2507 3015 quo
2538 2932 2791 2998 nomine
2810 2931 3001 2996 credo
3022 2952 3127 2995 me

858 3039 1036 3083 meas
1069 3018 1152 3081 ad
1185 3018 1351 3082 Μ10111
1403 3019 1604 3085 Suam
1653 3020 1841 3085 datas
1890 3042 2199 3087 excusare
2230 3043 2415 3106 posse
2448 3028 2513 3086 et
2543 3020 2775 3086 debere
2808 3021 3129 3100 facilime;

861 3115 1058 3190 atquc
1089 3113 1164 3173 ut
1195 3118 1260 3173 et
1291 3108 1460 3173 idem
1491 3110 1606 3175 abs
1638 3116 1702 3175 te
1736 3111 2125 3177 dexterrime
2152 3110 2287 3191 fiat,
2307 3134 2342 3177 e
2374 3134 2443 3177 re
2474 3131 2620 3176 mea
2652 3132 2789 3177 esse
2822 3112 3127 3176 arbitror.

861 3197 1034 3263 Nam
1063 3206 1342 3282 ,praeter
1398 3200 1604 3265 dictas
1667 3200 1931 3266 bellicas
1996 3203 2447 3287 occupationes
2498 3201 2817 3267 adducere
2867 3201 3131 3266 debebis

863 3294 930 3351 et
979 3286 1160 3365 illud,
1205 3289 1374 3371 quod
1423 3296 1610 3355 extra
1658 3312 1845 3356 omne
1894 3291 2161 3356 dubium
2210 3292 2611 3357 verissimum
2663 3299 2775 3371 est,
2825 3292 3131 3357 nimirum

863 3379 919 3441 si
969 3378 1242 3460 ipsemet
1288 3400 1390 3443 me
1440 3379 1747 3445 derelicta
1797 3380 2093 3447 Armada
2142 3382 2455 3449 Venetias
2504 3382 2917 3447 contulissem
2958 3404 3133 3447 sum·

860 3488 998 3532 mos
1031 3475 1096 3531 et
1134 3470 1293 3533 imos
1325 3470 1476 3535 hinc
1524 3469 1670 3535 inde
1721 3471 2139 3537 discurrendo
2172 3472 2655 3555 scrupulaturos
2706 3472 2929 3551 fuisse,
2972 3472 3131 3555 quid

864 3559 948 3621 sit
979 3564 1095 3622 aut
1131 3580 1269 3623 esse
1309 3562 1506 3643 possit
1555 3559 1716 3625 illud
1768 3561 1940 3643 quod
1988 3563 2333 3627 adventum
2384 3584 2595 3627 meum
2634 3563 2949 3631 Venetiae
2980 3584 3132 3628 cau-

864 3668 1010 3712 sare
1059 3650 1359 3732 potuerit.
1421 3650 1515 3714 Et
1564 3650 1941 3735 plerumque
2010 3652 2150 3716 fieri
2200 3654 2491 3719 adsuevit
2509 3703 2523 3730 ‚
2574 3658 2648 3719 ut
2694 3674 2811 3737 per
2860 3653 3131 3718 subtiles

865 3737 1010 3801 illos
1060 3737 1388 3804 discursus
1418 3740 1680 3804 tandem
1711 3740 1947 3824 aliquis
1998 3743 2378 3825 reperiatur,
2411 3744 2523 3825 qui
2572 3765 2709 3829 rem
2740 3764 2862 3808 acu
2895 3765 3135 3826 magno

867 3850 1006 3891 cum
1043 3849 1275 3893 causae
1295 3829 1629 3913 dispendio
1651 3836 1896 3914 tangat.
1928 3829 2171 3915 Quales
2206 3833 2685 3917 scrupulatores
2718 3840 2786 3897 et
2804 3835 3133 3898 actionum

867 3916 1005 3981 Ser.
1056 3916 1480 4001 Reipublicae
1530 3921 1961 4004 expiscatores
2013 3922 2127 3987 tibi
2161 3925 2448 4006 cognitos
2498 3946 2635 3989 esse
2699 3944 2823 3987 non
2889 3923 3133 3999 dubito,

867 4007 1022 4089 quin
1055 4008 1249 4072 immo
1299 4009 1458 4074 mihi
1488 4017 1661 4075 certo
1699 4012 2053 4095 persuadeo
2104 4013 2359 4079 eosdem
2408 4013 2508 4078 vel
2554 4014 2903 4079 umbellam
2936 4015 3137 4080 actio·
3212 4076 3223 4085 ,

871 4118 1022 4161 uum
1071 4119 1360 4162 mearum
1413 4098 1701 4165 divinare
1735 4102 2111 4183 potuissent,
2152 4104 2376 4187 ingens
2429 4104 2684 4188 publico
2738 4104 2907 4169 bono
2956 4106 3135 4169 dam-

871 4208 1022 4250 num
1054 4188 1370 4253 allaturos
1402 4188 1615 4254 fuisse.

1087 4292 1428 4359 Ooeterum
1459 4296 1745 4361 debitum
1768 4299 2215 4382 obsti-ingebat
2244 4322 2345 4365 me
2366 4323 2577 4367 meum
2598 4304 2815 4367 omnia
2844 4303 2971 4368 ista
3003 4302 3137 4387 pri-

873 4405 1048 4446 mum
1081 4382 1252 4448 Suae
1284 4384 1464 4449 Exim·
1495 4384 1621 4449 D¹²⁰
1654 4385 1965 4455 Generali
1996 4412 2135 4453 meo
2169 4394 2657 4475 communicare,
2696 4401 2761 4457 et
2792 4393 2936 4457 cuin
2970 4395 3135 4458 scitu

872 4471 1046 4537 illius
1097 4474 1318 4537 eadem
1353 4482 1496 4557 post
1545 4477 1668 4541 hac
1699 4500 1845 4543 cum
1895 4481 2099 4544 literis
2151 4483 2651 4548 credentialibus
2707 4485 3139 4549 instructione
