<?xml version="1.0" encoding="UTF-8"?>
<!DOCTYPE html PUBLIC "-//W3C//DTD XHTML 1.0 Transitional//EN"
    "http://www.w3.org/TR/xhtml1/DTD/xhtml1-transitional.dtd">
<html xmlns="http://www.w3.org/1999/xhtml" xml:lang="en" lang="en">
 <head>
  <title>
</title>
<meta http-equiv="Content-Type" content="text/html;charset=utf-8" />
  <meta name='ocr-system' content='tesseract 3.04.00' />
  <meta name='ocr-capabilities' content='ocr_page ocr_carea ocr_par ocr_line ocrx_word'/>
</head>
<body>
  <div class='ocr_page' id='page_1' title='image "./diplomatariumre00vgoog_0186.png"; bbox 0 0 3459 5300; ppageno 0'>
   <div class='ocr_carea' id='block_1_1' title="bbox 745 374 2735 429">
    <p class='ocr_par' dir='ltr' id='par_1_1' title="bbox 745 374 2735 429">
     <span class='ocr_line' id='line_1_1' title="bbox 745 374 2735 429; baseline 0.001 -2"><span class='ocrx_word' id='word_1_1' title='bbox 745 407 748 410; x_wconf 97' lang='lat'>-</span> <span class='ocrx_word' id='word_1_2' title='bbox 809 375 836 427; x_wconf 84' lang='lat'>1</span> <span class='ocrx_word' id='word_1_3' title='bbox 854 375 882 427; x_wconf 80' lang='lat'>7</span> <span class='ocrx_word' id='word_1_4' title='bbox 896 376 930 428; x_wconf 81' lang='lat'><strong>2</strong></span> <span class='ocrx_word' id='word_1_5' title='bbox 1130 376 1156 427; x_wconf 88' lang='lat' dir='ltr'>l</span> <span class='ocrx_word' id='word_1_6' title='bbox 1171 374 1250 428; x_wconf 74' lang='lat'>62</span> <span class='ocrx_word' id='word_1_7' title='bbox 1262 374 1315 429; x_wconf 85' lang='lat'>5.</span> <span class='ocrx_word' id='word_1_8' title='bbox 1339 379 1948 427; x_wconf 63' lang='lat' dir='ltr'>uxAcsnArinozxrox.</span> <span class='ocrx_word' id='word_1_9' title='bbox 1983 382 2181 427; x_wconf 68' lang='grc' dir='ltr'>κόνιιτι</span> <span class='ocrx_word' id='word_1_10' title='bbox 2214 381 2735 429; x_wconf 61' lang='lat' dir='ltr'>mersitonam-assit.</span> 
     </span>
    </p>
   </div>
   <div class='ocr_carea' id='block_1_2' title="bbox 799 542 3071 3964">
    <p class='ocr_par' dir='ltr' id='par_1_2' title="bbox 799 542 3063 1426">
     <span class='ocr_line' id='line_1_2' title="bbox 802 542 3058 631; baseline -0.001 -21"><span class='ocrx_word' id='word_1_11' title='bbox 802 545 1095 610; x_wconf 87' lang='lat' dir='ltr'>omnibus</span> <span class='ocrx_word' id='word_1_12' title='bbox 1146 546 1212 609; x_wconf 91' lang='lat' dir='ltr'>in</span> <span class='ocrx_word' id='word_1_13' title='bbox 1260 547 1416 610; x_wconf 90' lang='lat' dir='ltr'>locis</span> <span class='ocrx_word' id='word_1_14' title='bbox 1468 547 1742 611; x_wconf 81' lang='lat' dir='ltr'>diversio</span> <span class='ocrx_word' id='word_1_15' title='bbox 1791 568 2119 615; x_wconf 85' lang='lat' dir='ltr'>armorum</span> <span class='ocrx_word' id='word_1_16' title='bbox 2167 546 2456 611; x_wconf 86' lang='lat' dir='ltr'>inchoari</span> <span class='ocrx_word' id='word_1_17' title='bbox 2494 548 2712 631; x_wconf 84' lang='lat' dir='ltr'>possit.</span> <span class='ocrx_word' id='word_1_18' title='bbox 2766 542 2864 609; x_wconf 70' lang='lat'>2⁶⁰</span> <span class='ocrx_word' id='word_1_19' title='bbox 2916 546 3058 609; x_wconf 81' lang='lat' dir='ltr'>Rex</span> 
     </span>
     <span class='ocr_line' id='line_1_3' title="bbox 802 635 3060 720; baseline -0 -20"><span class='ocrx_word' id='word_1_20' title='bbox 802 635 1059 701; x_wconf 77' lang='lat' dir='ltr'>Galliae</span> <span class='ocrx_word' id='word_1_21' title='bbox 1090 643 1412 720; x_wconf 77' lang='lat' dir='ltr'>procurat,</span> <span class='ocrx_word' id='word_1_22' title='bbox 1463 642 1534 701; x_wconf 88' lang='lat' dir='ltr'>ut</span> <span class='ocrx_word' id='word_1_23' title='bbox 1571 636 1871 703; x_wconf 77' lang='lat' dir='ltr'>Bethlem</span> <span class='ocrx_word' id='word_1_24' title='bbox 1922 641 1987 704; x_wconf 90' lang='lat' dir='ltr'>in</span> <span class='ocrx_word' id='word_1_25' title='bbox 2038 637 2675 705; x_wconf 86' lang='lat' dir='ltr'>Confoederationem</span> <span class='ocrx_word' id='word_1_26' title='bbox 2709 656 3060 701; x_wconf 85' lang='lat' dir='ltr'>assumere-</span> 
     </span>
     <span class='ocr_line' id='line_1_4' title="bbox 799 724 3063 813; baseline -0.001 -21"><span class='ocrx_word' id='word_1_27' title='bbox 799 735 925 805; x_wconf 87' lang='lat' dir='ltr'>tur,</span> <span class='ocrx_word' id='word_1_28' title='bbox 959 732 1025 791; x_wconf 89' lang='lat' dir='ltr'>et</span> <span class='ocrx_word' id='word_1_29' title='bbox 1055 729 1190 791; x_wconf 87' lang='lat' dir='ltr'>siue</span> <span class='ocrx_word' id='word_1_30' title='bbox 1225 729 1386 793; x_wconf 89' lang='lat' dir='ltr'>scitu</span> <span class='ocrx_word' id='word_1_31' title='bbox 1420 727 1557 811; x_wconf 90' lang='lat' dir='ltr'>ejus</span> <span class='ocrx_word' id='word_1_32' title='bbox 1589 728 1770 792; x_wconf 89' lang='lat' dir='ltr'>nulla</span> <span class='ocrx_word' id='word_1_33' title='bbox 1802 733 1979 813; x_wconf 81' lang='lat' dir='ltr'>pacis</span> <span class='ocrx_word' id='word_1_34' title='bbox 2009 724 2292 811; x_wconf 84' lang='lat' dir='ltr'>bellique</span> <span class='ocrx_word' id='word_1_35' title='bbox 2323 729 2629 793; x_wconf 84' lang='lat' dir='ltr'>tractatio</span> <span class='ocrx_word' id='word_1_36' title='bbox 2660 728 3063 804; x_wconf 80' lang='lat' dir='ltr'>instituatur,</span> 
     </span>
     <span class='ocr_line' id='line_1_5' title="bbox 801 815 3061 903; baseline -0.001 -21"><span class='ocrx_word' id='word_1_37' title='bbox 801 824 866 883; x_wconf 88' lang='lat' dir='ltr'>ct</span> <span class='ocrx_word' id='word_1_38' title='bbox 895 823 968 881; x_wconf 89' lang='lat' dir='ltr'>ut</span> <span class='ocrx_word' id='word_1_39' title='bbox 998 838 1216 882; x_wconf 90' lang='lat' dir='ltr'>omnes</span> <span class='ocrx_word' id='word_1_40' title='bbox 1237 815 1688 883; x_wconf 83' lang='lat' dir='ltr'>Confoederati</span> <span class='ocrx_word' id='word_1_41' title='bbox 1719 817 1988 903; x_wconf 87' lang='lat' dir='ltr'>obligati</span> <span class='ocrx_word' id='word_1_42' title='bbox 2020 822 2151 885; x_wconf 89' lang='lat' dir='ltr'>sint</span> <span class='ocrx_word' id='word_1_43' title='bbox 2182 840 2301 901; x_wconf 91' lang='lat' dir='ltr'>pro</span> <span class='ocrx_word' id='word_1_44' title='bbox 2332 839 2407 882; x_wconf 88' lang='lat' dir='ltr'>eo</span> <span class='ocrx_word' id='word_1_45' title='bbox 2426 820 2642 884; x_wconf 89' lang='lat' dir='ltr'>omnia</span> <span class='ocrx_word' id='word_1_46' title='bbox 2672 815 3061 899; x_wconf 85' lang='lat' dir='ltr'>impendere,</span> 
     </span>
     <span class='ocr_line' id='line_1_6' title="bbox 801 906 3061 995; baseline -0.001 -23"><span class='ocrx_word' id='word_1_47' title='bbox 801 909 854 972; x_wconf 85' lang='lat' dir='ltr'>si</span> <span class='ocrx_word' id='word_1_48' title='bbox 907 908 1050 991; x_wconf 88' lang='lat' dir='ltr'>quis</span> <span class='ocrx_word' id='word_1_49' title='bbox 1089 914 1354 995; x_wconf 86' lang='lat' dir='ltr'>propter</span> <span class='ocrx_word' id='word_1_50' title='bbox 1416 908 1581 973; x_wconf 87' lang='lat' dir='ltr'>hanc</span> <span class='ocrx_word' id='word_1_51' title='bbox 1643 909 2284 976; x_wconf 85' lang='lat' dir='ltr'>Confoederationem</span> <span class='ocrx_word' id='word_1_52' title='bbox 2334 911 2663 991; x_wconf 78' lang='lat' dir='ltr'>negotium</span> <span class='ocrx_word' id='word_1_53' title='bbox 2711 906 3061 972; x_wconf 85' lang='lat' dir='ltr'>fac-esserit.</span> 
     </span>
     <span class='ocr_line' id='line_1_7' title="bbox 804 994 3063 1082; baseline -0.001 -21"><span class='ocrx_word' id='word_1_54' title='bbox 804 1004 871 1061; x_wconf 83' lang='grc' dir='ltr'>3ο</span> <span class='ocrx_word' id='word_1_55' title='bbox 902 999 1082 1063; x_wconf 90' lang='lat' dir='ltr'>Petit</span> <span class='ocrx_word' id='word_1_56' title='bbox 1145 998 1286 1063; x_wconf 83' lang='lat' dir='ltr'>Rex</span> <span class='ocrx_word' id='word_1_57' title='bbox 1341 994 1600 1062; x_wconf 84' lang='lat' dir='ltr'>Galliae</span> <span class='ocrx_word' id='word_1_58' title='bbox 1650 1005 1725 1063; x_wconf 92' lang='lat' dir='ltr'>ut</span> <span class='ocrx_word' id='word_1_59' title='bbox 1777 1000 1897 1065; x_wconf 88' lang='lat' dir='ltr'>sibi</span> <span class='ocrx_word' id='word_1_60' title='bbox 1949 998 2247 1066; x_wconf 83' lang='lat' dir='ltr'>Bethlem</span> <span class='ocrx_word' id='word_1_61' title='bbox 2289 1006 2599 1082; x_wconf 77' lang='lat' dir='ltr'>parceret,</span> <span class='ocrx_word' id='word_1_62' title='bbox 2650 996 2825 1081; x_wconf 88' lang='lat' dir='ltr'>quod</span> <span class='ocrx_word' id='word_1_63' title='bbox 2894 1019 3063 1060; x_wconf 85' lang='lat' dir='ltr'>nunc</span> 
     </span>
     <span class='ocr_line' id='line_1_8' title="bbox 801 1085 3062 1173; baseline -0.001 -20"><span class='ocrx_word' id='word_1_64' title='bbox 801 1088 1074 1171; x_wconf 86' lang='lat' dir='ltr'>pecunia</span> <span class='ocrx_word' id='word_1_65' title='bbox 1107 1088 1166 1151; x_wconf 91' lang='lat' dir='ltr'>ei</span> <span class='ocrx_word' id='word_1_66' title='bbox 1198 1109 1570 1154; x_wconf 82' lang='lat' dir='ltr'>succurrere</span> <span class='ocrx_word' id='word_1_67' title='bbox 1603 1112 1727 1153; x_wconf 90' lang='lat' dir='ltr'>non</span> <span class='ocrx_word' id='word_1_68' title='bbox 1760 1094 1982 1173; x_wconf 80' lang='lat' dir='ltr'>possit,</span> <span class='ocrx_word' id='word_1_69' title='bbox 2014 1090 2209 1172; x_wconf 88' lang='lat' dir='ltr'>idque</span> <span class='ocrx_word' id='word_1_70' title='bbox 2240 1095 2585 1173; x_wconf 86' lang='lat' dir='ltr'>propterea</span> <span class='ocrx_word' id='word_1_71' title='bbox 2619 1087 2790 1171; x_wconf 86' lang='lat' dir='ltr'>quod</span> <span class='ocrx_word' id='word_1_72' title='bbox 2844 1085 3062 1151; x_wconf 89' lang='lat' dir='ltr'>multis</span> 
     </span>
     <span class='ocr_line' id='line_1_9' title="bbox 800 1176 3052 1263; baseline -0.002 -19"><span class='ocrx_word' id='word_1_73' title='bbox 800 1178 1213 1262; x_wconf 81' lang='lat' dir='ltr'>Principibus</span> <span class='ocrx_word' id='word_1_74' title='bbox 1247 1176 1730 1245; x_wconf 85' lang='lat' dir='ltr'>Confoederatis</span> <span class='ocrx_word' id='word_1_75' title='bbox 1762 1181 1883 1247; x_wconf 91' lang='lat' dir='ltr'>hoc</span> <span class='ocrx_word' id='word_1_76' title='bbox 1914 1204 2084 1247; x_wconf 89' lang='lat' dir='ltr'>nunc</span> <span class='ocrx_word' id='word_1_77' title='bbox 2128 1179 2405 1245; x_wconf 82' lang='lat' dir='ltr'>maxime</span> <span class='ocrx_word' id='word_1_78' title='bbox 2439 1177 2771 1263; x_wconf 76' lang='lat' dir='ltr'>egentibus</span> <span class='ocrx_word' id='word_1_79' title='bbox 2829 1177 3052 1241; x_wconf 83' lang='lat' dir='ltr'>fecerit</span> 
     </span>
     <span class='ocr_line' id='line_1_10' title="bbox 801 1266 3063 1356; baseline -0.001 -23"><span class='ocrx_word' id='word_1_80' title='bbox 801 1268 959 1334; x_wconf 88' lang='lat' dir='ltr'>dicit</span> <span class='ocrx_word' id='word_1_81' title='bbox 996 1268 1184 1333; x_wconf 90' lang='lat' dir='ltr'>simul</span> <span class='ocrx_word' id='word_1_82' title='bbox 1218 1270 1374 1334; x_wconf 88' lang='lat' dir='ltr'>satis</span> <span class='ocrx_word' id='word_1_83' title='bbox 1441 1290 1481 1333; x_wconf 91' lang='lat' dir='ltr'>a</span> <span class='ocrx_word' id='word_1_84' title='bbox 1519 1290 1586 1334; x_wconf 92' lang='lat' dir='ltr'>se</span> <span class='ocrx_word' id='word_1_85' title='bbox 1617 1273 1935 1352; x_wconf 88' lang='lat' dir='ltr'>praestari</span> <span class='ocrx_word' id='word_1_86' title='bbox 1974 1291 2178 1356; x_wconf 90' lang='lat' dir='ltr'>posse,</span> <span class='ocrx_word' id='word_1_87' title='bbox 2211 1270 2265 1335; x_wconf 91' lang='lat' dir='ltr'>si</span> <span class='ocrx_word' id='word_1_88' title='bbox 2326 1269 2515 1334; x_wconf 90' lang='lat' dir='ltr'>modo</span> <span class='ocrx_word' id='word_1_89' title='bbox 2548 1269 2847 1334; x_wconf 85' lang='lat' dir='ltr'>eximiam</span> <span class='ocrx_word' id='word_1_90' title='bbox 2898 1266 3063 1331; x_wconf 91' lang='lat' dir='ltr'>mili-</span> 
     </span>
     <span class='ocr_line' id='line_1_11' title="bbox 801 1358 1929 1426; baseline 0.001 -2"><span class='ocrx_word' id='word_1_91' title='bbox 801 1366 936 1425; x_wconf 84' lang='lat' dir='ltr'>tum</span> <span class='ocrx_word' id='word_1_92' title='bbox 970 1380 1232 1423; x_wconf 86' lang='lat' dir='ltr'>manum</span> <span class='ocrx_word' id='word_1_93' title='bbox 1261 1360 1340 1423; x_wconf 89' lang='lat' dir='ltr'>iis</span> <span class='ocrx_word' id='word_1_94' title='bbox 1372 1358 1654 1424; x_wconf 84' lang='lat' dir='ltr'>subsidio</span> <span class='ocrx_word' id='word_1_95' title='bbox 1689 1363 1929 1426; x_wconf 87' lang='lat' dir='ltr'>mittat.</span> 
     </span>
    </p>

    <p class='ocr_par' dir='ltr' id='par_1_3' title="bbox 799 1446 3070 2525">
     <span class='ocr_line' id='line_1_12' title="bbox 1018 1446 3062 1533; baseline -0.002 -18"><span class='ocrx_word' id='word_1_96' title='bbox 1018 1449 1312 1515; x_wconf 80' lang='lat' dir='ltr'>Tertium</span> <span class='ocrx_word' id='word_1_97' title='bbox 1333 1474 1346 1513; x_wconf 93' lang='lat'>:</span> <span class='ocrx_word' id='word_1_98' title='bbox 1381 1449 1600 1515; x_wconf 48' lang='lat' dir='ltr'>Serme</span> <span class='ocrx_word' id='word_1_99' title='bbox 1643 1451 1787 1517; x_wconf 88' lang='lat' dir='ltr'>Rex</span> <span class='ocrx_word' id='word_1_100' title='bbox 1805 1451 2061 1516; x_wconf 86' lang='lat' dir='ltr'>Daniae</span> <span class='ocrx_word' id='word_1_101' title='bbox 2080 1452 2241 1515; x_wconf 87' lang='lat' dir='ltr'>haec</span> <span class='ocrx_word' id='word_1_102' title='bbox 2258 1472 2374 1533; x_wconf 86' lang='lat' dir='ltr'>per</span> <span class='ocrx_word' id='word_1_103' title='bbox 2392 1448 2747 1515; x_wconf 89' lang='lat' dir='ltr'>Dominum</span> <span class='ocrx_word' id='word_1_104' title='bbox 2767 1446 3062 1512; x_wconf 83' lang='lat' dir='ltr'>Erinfrid</span> 
     </span>
     <span class='ocr_line' id='line_1_13' title="bbox 802 1538 3065 1624; baseline -0.002 -19"><span class='ocrx_word' id='word_1_105' title='bbox 802 1564 842 1605; x_wconf 87' lang='lat' dir='ltr'>a</span> <span class='ocrx_word' id='word_1_106' title='bbox 873 1538 1280 1605; x_wconf 88' lang='lat' dir='ltr'>Berbisdorff</span> <span class='ocrx_word' id='word_1_107' title='bbox 1293 1561 1510 1604; x_wconf 89' lang='lat' dir='ltr'>mense</span> <span class='ocrx_word' id='word_1_108' title='bbox 1530 1538 1834 1624; x_wconf 88' lang='lat' dir='ltr'>Augusto</span> <span class='ocrx_word' id='word_1_109' title='bbox 1854 1541 2254 1608; x_wconf 85' lang='lat' dir='ltr'>aBethlemo</span> <span class='ocrx_word' id='word_1_110' title='bbox 2285 1540 2483 1624; x_wconf 90' lang='lat' dir='ltr'>petit:</span> <span class='ocrx_word' id='word_1_111' title='bbox 2515 1540 2739 1604; x_wconf 89' lang='lat' dir='ltr'>Primo</span> <span class='ocrx_word' id='word_1_112' title='bbox 2771 1545 2844 1603; x_wconf 90' lang='lat' dir='ltr'>ut</span> <span class='ocrx_word' id='word_1_113' title='bbox 2861 1538 3065 1602; x_wconf 90' lang='lat' dir='ltr'>Beth·</span> 
     </span>
     <span class='ocr_line' id='line_1_14' title="bbox 802 1628 3067 1714; baseline -0.001 -20"><span class='ocrx_word' id='word_1_114' title='bbox 802 1631 1007 1695; x_wconf 86' lang='lat' dir='ltr'>lemus</span> <span class='ocrx_word' id='word_1_115' title='bbox 1054 1630 1527 1695; x_wconf 86' lang='lat' dir='ltr'>haereditarias</span> <span class='ocrx_word' id='word_1_116' title='bbox 1575 1634 1942 1714; x_wconf 82' lang='lat' dir='ltr'>provincias</span> <span class='ocrx_word' id='word_1_117' title='bbox 1992 1632 2293 1699; x_wconf 77' lang='lat' dir='ltr'>Caesaris</span> <span class='ocrx_word' id='word_1_118' title='bbox 2340 1628 2626 1709; x_wconf 84' lang='lat' dir='ltr'>invadat,</span> <span class='ocrx_word' id='word_1_119' title='bbox 2656 1632 2755 1694; x_wconf 85' lang='lat' dir='ltr'>ita</span> <span class='ocrx_word' id='word_1_120' title='bbox 2803 1634 2879 1693; x_wconf 90' lang='lat' dir='ltr'>ut</span> <span class='ocrx_word' id='word_1_121' title='bbox 2926 1632 3067 1692; x_wconf 79' lang='lat' dir='ltr'>tota</span> 
     </span>
     <span class='ocr_line' id='line_1_15' title="bbox 799 1717 3064 1804; baseline -0.002 -20"><span class='ocrx_word' id='word_1_122' title='bbox 799 1720 1000 1785; x_wconf 88' lang='lat' dir='ltr'>moles</span> <span class='ocrx_word' id='word_1_123' title='bbox 1031 1719 1184 1787; x_wconf 88' lang='lat' dir='ltr'>belli</span> <span class='ocrx_word' id='word_1_124' title='bbox 1216 1721 1384 1803; x_wconf 85' lang='lat' dir='ltr'>Regi</span> <span class='ocrx_word' id='word_1_125' title='bbox 1435 1721 1692 1786; x_wconf 86' lang='lat' dir='ltr'>Daniae</span> <span class='ocrx_word' id='word_1_126' title='bbox 1725 1722 2104 1787; x_wconf 87' lang='lat' dir='ltr'>sustinenda</span> <span class='ocrx_word' id='word_1_127' title='bbox 2151 1744 2278 1786; x_wconf 91' lang='lat' dir='ltr'>non</span> <span class='ocrx_word' id='word_1_128' title='bbox 2312 1720 2697 1804; x_wconf 81' lang='lat' dir='ltr'>impendeat.</span> <span class='ocrx_word' id='word_1_129' title='bbox 2732 1717 3064 1785; x_wconf 85' lang='lat' dir='ltr'>Secundo:</span> 
     </span>
     <span class='ocr_line' id='line_1_16' title="bbox 802 1806 3067 1894; baseline -0.001 -19"><span class='ocrx_word' id='word_1_130' title='bbox 802 1817 877 1875; x_wconf 89' lang='lat' dir='ltr'>ut</span> <span class='ocrx_word' id='word_1_131' title='bbox 910 1809 1397 1876; x_wconf 85' lang='lat' dir='ltr'>Confoederatis</span> <span class='ocrx_word' id='word_1_132' title='bbox 1429 1812 1720 1894; x_wconf 81' lang='lat' dir='ltr'>Regibus</span> <span class='ocrx_word' id='word_1_133' title='bbox 1771 1834 1909 1879; x_wconf 87' lang='lat' dir='ltr'>sese</span> <span class='ocrx_word' id='word_1_134' title='bbox 1960 1814 2164 1877; x_wconf 90' lang='lat' dir='ltr'>uniat.</span> <span class='ocrx_word' id='word_1_135' title='bbox 2196 1811 2455 1877; x_wconf 82' lang='lat' dir='ltr'>Tertio:</span> <span class='ocrx_word' id='word_1_136' title='bbox 2500 1816 2575 1874; x_wconf 91' lang='lat' dir='ltr'>ut</span> <span class='ocrx_word' id='word_1_137' title='bbox 2607 1814 2686 1876; x_wconf 89' lang='lat' dir='ltr'>iis</span> <span class='ocrx_word' id='word_1_138' title='bbox 2722 1815 2893 1874; x_wconf 87' lang='grc'>6000</span> <span class='ocrx_word' id='word_1_139' title='bbox 2927 1806 3067 1874; x_wconf 89' lang='lat' dir='ltr'>Un-</span> 
     </span>
     <span class='ocr_line' id='line_1_17' title="bbox 801 1900 3068 1985; baseline -0.001 -21"><span class='ocrx_word' id='word_1_140' title='bbox 801 1921 1108 1981; x_wconf 83' lang='lat' dir='ltr'>garorum</span> <span class='ocrx_word' id='word_1_141' title='bbox 1141 1922 1289 1964; x_wconf 89' lang='lat' dir='ltr'>aere</span> <span class='ocrx_word' id='word_1_142' title='bbox 1323 1922 1543 1965; x_wconf 88' lang='lat' dir='ltr'>eorum</span> <span class='ocrx_word' id='word_1_143' title='bbox 1575 1924 1693 1985; x_wconf 90' lang='lat' dir='ltr'>pro</span> <span class='ocrx_word' id='word_1_144' title='bbox 1724 1903 1979 1968; x_wconf 88' lang='lat' dir='ltr'>Danico</span> <span class='ocrx_word' id='word_1_145' title='bbox 2012 1904 2300 1967; x_wconf 87' lang='lat' dir='ltr'>exercitu</span> <span class='ocrx_word' id='word_1_146' title='bbox 2351 1900 2753 1966; x_wconf 81' lang='lat' dir='ltr'>conscribere</span> <span class='ocrx_word' id='word_1_147' title='bbox 2800 1900 3068 1981; x_wconf 84' lang='lat' dir='ltr'>permit-</span> 
     </span>
     <span class='ocr_line' id='line_1_18' title="bbox 805 1988 3067 2073; baseline -0.001 -20"><span class='ocrx_word' id='word_1_148' title='bbox 805 1996 922 2069; x_wconf 85' lang='lat' dir='ltr'>tat,</span> <span class='ocrx_word' id='word_1_149' title='bbox 954 1992 1050 2055; x_wconf 85' lang='lat' dir='ltr'>ita</span> <span class='ocrx_word' id='word_1_150' title='bbox 1085 1997 1158 2055; x_wconf 87' lang='lat' dir='ltr'>ut</span> <span class='ocrx_word' id='word_1_151' title='bbox 1187 2012 1405 2055; x_wconf 90' lang='lat' dir='ltr'>mense</span> <span class='ocrx_word' id='word_1_152' title='bbox 1437 1993 1751 2057; x_wconf 89' lang='lat' dir='ltr'>Ianuario</span> <span class='ocrx_word' id='word_1_153' title='bbox 1782 1995 1853 2057; x_wconf 92' lang='lat' dir='ltr'>in</span> <span class='ocrx_word' id='word_1_154' title='bbox 1885 1990 2244 2058; x_wconf 80' lang='lat' dir='ltr'>Germania</span> <span class='ocrx_word' id='word_1_155' title='bbox 2276 2012 2412 2057; x_wconf 88' lang='lat' dir='ltr'>esse</span> <span class='ocrx_word' id='word_1_156' title='bbox 2444 1994 2713 2073; x_wconf 85' lang='lat' dir='ltr'>possint.</span> <span class='ocrx_word' id='word_1_157' title='bbox 2750 1988 2863 2053; x_wconf 88' lang='lat' dir='ltr'>Ad</span> <span class='ocrx_word' id='word_1_158' title='bbox 2896 2008 3067 2071; x_wconf 84' lang='lat' dir='ltr'>quae</span> 
     </span>
     <span class='ocr_line' id='line_1_19' title="bbox 801 2080 3070 2166; baseline -0.001 -22"><span class='ocrx_word' id='word_1_159' title='bbox 801 2080 1136 2163; x_wconf 88' lang='lat' dir='ltr'>respondit</span> <span class='ocrx_word' id='word_1_160' title='bbox 1183 2081 1512 2159; x_wconf 55' lang='lat' dir='ltr'>Bethlem,</span> <span class='ocrx_word' id='word_1_161' title='bbox 1551 2085 1796 2165; x_wconf 91' lang='lat' dir='ltr'>primo:</span> <span class='ocrx_word' id='word_1_162' title='bbox 1848 2082 2020 2166; x_wconf 87' lang='lat' dir='ltr'>quod</span> <span class='ocrx_word' id='word_1_163' title='bbox 2069 2088 2341 2165; x_wconf 87' lang='lat' dir='ltr'>paratus</span> <span class='ocrx_word' id='word_1_164' title='bbox 2392 2090 2491 2146; x_wconf 89' lang='lat' dir='ltr'>est</span> <span class='ocrx_word' id='word_1_165' title='bbox 2540 2101 2793 2163; x_wconf 83' lang='lat' dir='ltr'>semper</span> <span class='ocrx_word' id='word_1_166' title='bbox 2837 2084 3070 2143; x_wconf 85' lang='lat' dir='ltr'>contra</span> 
     </span>
     <span class='ocr_line' id='line_1_20' title="bbox 801 2168 3069 2254; baseline -0.002 -19"><span class='ocrx_word' id='word_1_167' title='bbox 801 2168 1188 2236; x_wconf 87' lang='lat' dir='ltr'>Austriacos</span> <span class='ocrx_word' id='word_1_168' title='bbox 1222 2170 1462 2236; x_wconf 88' lang='lat' dir='ltr'>bellum</span> <span class='ocrx_word' id='word_1_169' title='bbox 1509 2194 1749 2254; x_wconf 86' lang='lat' dir='ltr'>gerere.</span> <span class='ocrx_word' id='word_1_170' title='bbox 1786 2172 1884 2237; x_wconf 76' lang='lat'>2¹¹⁰</span> <span class='ocrx_word' id='word_1_171' title='bbox 1923 2174 2089 2241; x_wconf 87' lang='lat' dir='ltr'>Cum</span> <span class='ocrx_word' id='word_1_172' title='bbox 2138 2172 2432 2251; x_wconf 80' lang='lat' dir='ltr'>Regibus</span> <span class='ocrx_word' id='word_1_173' title='bbox 2480 2172 2705 2237; x_wconf 86' lang='lat' dir='ltr'>Unitis</span> <span class='ocrx_word' id='word_1_174' title='bbox 2756 2192 2823 2235; x_wconf 86' lang='lat' dir='ltr'>se</span> <span class='ocrx_word' id='word_1_175' title='bbox 2860 2171 3069 2245; x_wconf 88' lang='lat' dir='ltr'>unire,</span> 
     </span>
     <span class='ocr_line' id='line_1_21' title="bbox 803 2260 3064 2345; baseline -0.001 -21"><span class='ocrx_word' id='word_1_176' title='bbox 803 2282 970 2343; x_wconf 86' lang='lat' dir='ltr'>quae</span> <span class='ocrx_word' id='word_1_177' title='bbox 1035 2262 1186 2325; x_wconf 90' lang='lat' dir='ltr'>unio</span> <span class='ocrx_word' id='word_1_178' title='bbox 1249 2267 1385 2325; x_wconf 88' lang='lat' dir='ltr'>tam</span> <span class='ocrx_word' id='word_1_179' title='bbox 1450 2265 1579 2327; x_wconf 85' lang='lat' dir='ltr'>cito</span> <span class='ocrx_word' id='word_1_180' title='bbox 1639 2270 1908 2345; x_wconf 89' lang='lat' dir='ltr'>propter</span> <span class='ocrx_word' id='word_1_181' title='bbox 1973 2262 2355 2328; x_wconf 87' lang='lat' dir='ltr'>distantiam</span> <span class='ocrx_word' id='word_1_182' title='bbox 2416 2262 2699 2326; x_wconf 90' lang='lat' dir='ltr'>locorum</span> <span class='ocrx_word' id='word_1_183' title='bbox 2748 2260 2889 2323; x_wconf 89' lang='lat' dir='ltr'>fieri</span> <span class='ocrx_word' id='word_1_184' title='bbox 2937 2280 3064 2322; x_wconf 87' lang='lat' dir='ltr'>non</span> 
     </span>
     <span class='ocr_line' id='line_1_22' title="bbox 801 2347 3070 2434; baseline -0.001 -21"><span class='ocrx_word' id='word_1_185' title='bbox 801 2354 1034 2434; x_wconf 89' lang='lat' dir='ltr'>potuit.</span> <span class='ocrx_word' id='word_1_186' title='bbox 1071 2355 1140 2414; x_wconf 86' lang='lat'>3⁰</span> <span class='ocrx_word' id='word_1_187' title='bbox 1187 2348 1337 2415; x_wconf 90' lang='lat' dir='ltr'>Non</span> <span class='ocrx_word' id='word_1_188' title='bbox 1371 2352 1603 2416; x_wconf 86' lang='lat' dir='ltr'>abnuit</span> <span class='ocrx_word' id='word_1_189' title='bbox 1637 2354 2057 2431; x_wconf 78' lang='lat' dir='ltr'>conscribere,</span> <span class='ocrx_word' id='word_1_190' title='bbox 2088 2353 2199 2417; x_wconf 83' lang='lat' dir='ltr'>sed</span> <span class='ocrx_word' id='word_1_191' title='bbox 2249 2355 2485 2416; x_wconf 87' lang='lat' dir='ltr'>metuit</span> <span class='ocrx_word' id='word_1_192' title='bbox 2535 2374 2614 2415; x_wconf 89' lang='lat' dir='ltr'>ne</span> <span class='ocrx_word' id='word_1_193' title='bbox 2664 2352 2952 2415; x_wconf 84' lang='lat' dir='ltr'>transitu</span> <span class='ocrx_word' id='word_1_194' title='bbox 2984 2347 3070 2412; x_wconf 89' lang='lat' dir='ltr'>ob</span> 
     </span>
     <span class='ocr_line' id='line_1_23' title="bbox 802 2441 2575 2525; baseline 0 -21"><span class='ocrx_word' id='word_1_195' title='bbox 802 2463 1032 2525; x_wconf 86' lang='lat' dir='ltr'>passus</span> <span class='ocrx_word' id='word_1_196' title='bbox 1064 2441 1436 2523; x_wconf 87' lang='lat' dir='ltr'>praeclusos</span> <span class='ocrx_word' id='word_1_197' title='bbox 1466 2442 1699 2506; x_wconf 89' lang='lat' dir='ltr'>bruma</span> <span class='ocrx_word' id='word_1_198' title='bbox 1731 2446 2057 2507; x_wconf 84' lang='lat' dir='ltr'>saeviente</span> <span class='ocrx_word' id='word_1_199' title='bbox 2088 2443 2575 2525; x_wconf 86' lang='lat' dir='ltr'>prohibeantur.</span> 
     </span>
    </p>

    <p class='ocr_par' dir='ltr' id='par_1_4' title="bbox 800 2529 3071 3964">
     <span class='ocr_line' id='line_1_24' title="bbox 1019 2529 3071 2615; baseline -0.002 -20"><span class='ocrx_word' id='word_1_200' title='bbox 1019 2530 1381 2613; x_wconf 79' lang='lat' dir='ltr'>Quartum:</span> <span class='ocrx_word' id='word_1_201' title='bbox 1413 2529 1769 2615; x_wconf 85' lang='lat' dir='ltr'>Negotium</span> <span class='ocrx_word' id='word_1_202' title='bbox 1818 2533 2306 2598; x_wconf 89' lang='lat' dir='ltr'>Matrimoniale</span> <span class='ocrx_word' id='word_1_203' title='bbox 2358 2538 2567 2596; x_wconf 90' lang='lat' dir='ltr'>totum</span> <span class='ocrx_word' id='word_1_204' title='bbox 2620 2538 2719 2595; x_wconf 89' lang='lat' dir='ltr'>est</span> <span class='ocrx_word' id='word_1_205' title='bbox 2758 2530 3071 2611; x_wconf 83' lang='lat' dir='ltr'>composi-</span> 
     </span>
     <span class='ocr_line' id='line_1_25' title="bbox 805 2620 3070 2707; baseline -0 -22"><span class='ocrx_word' id='word_1_206' title='bbox 805 2627 963 2698; x_wconf 89' lang='lat' dir='ltr'>tum,</span> <span class='ocrx_word' id='word_1_207' title='bbox 1013 2622 1212 2686; x_wconf 87' lang='lat' dir='ltr'>arrha</span> <span class='ocrx_word' id='word_1_208' title='bbox 1259 2622 1642 2704; x_wconf 87' lang='lat' dir='ltr'>sponsalitia</span> <span class='ocrx_word' id='word_1_209' title='bbox 1705 2642 1746 2688; x_wconf 84' lang='lat' dir='ltr'>a</span> <span class='ocrx_word' id='word_1_210' title='bbox 1804 2624 2195 2707; x_wconf 84' lang='lat' dir='ltr'>principissa</span> <span class='ocrx_word' id='word_1_211' title='bbox 2254 2625 2454 2690; x_wconf 86' lang='lat' dir='ltr'>missa</span> <span class='ocrx_word' id='word_1_212' title='bbox 2502 2627 2570 2686; x_wconf 91' lang='lat' dir='ltr'>et</span> <span class='ocrx_word' id='word_1_213' title='bbox 2616 2643 2735 2705; x_wconf 83' lang='lat' dir='ltr'>per</span> <span class='ocrx_word' id='word_1_214' title='bbox 2778 2620 3070 2703; x_wconf 83' lang='lat' dir='ltr'>Legatos</span> 
     </span>
     <span class='ocr_line' id='line_1_26' title="bbox 803 2710 3069 2794; baseline -0.001 -19"><span class='ocrx_word' id='word_1_215' title='bbox 803 2718 1239 2793; x_wconf 87' lang='lat' dir='ltr'>praesentata.</span> <span class='ocrx_word' id='word_1_216' title='bbox 1261 2713 1698 2794; x_wconf 88' lang='lat' dir='ltr'>Principissae</span> <span class='ocrx_word' id='word_1_217' title='bbox 1719 2735 1869 2779; x_wconf 81' lang='lat' dir='ltr'>vero</span> <span class='ocrx_word' id='word_1_218' title='bbox 1890 2717 2143 2779; x_wconf 83' lang='lat' dir='ltr'>nomine</span> <span class='ocrx_word' id='word_1_219' title='bbox 2154 2713 2349 2778; x_wconf 85' lang='lat' dir='ltr'>Dotis</span> <span class='ocrx_word' id='word_1_220' title='bbox 2371 2713 2536 2777; x_wconf 87' lang='lat' dir='ltr'>duae</span> <span class='ocrx_word' id='word_1_221' title='bbox 2557 2715 2843 2794; x_wconf 90' lang='lat' dir='ltr'>insignes</span> <span class='ocrx_word' id='word_1_222' title='bbox 2862 2710 3069 2775; x_wconf 88' lang='lat' dir='ltr'>Baro-</span> 
     </span>
     <span class='ocr_line' id='line_1_27' title="bbox 803 2799 3067 2882; baseline -0 -17"><span class='ocrx_word' id='word_1_223' title='bbox 803 2803 950 2866; x_wconf 86' lang='lat' dir='ltr'>niae</span> <span class='ocrx_word' id='word_1_224' title='bbox 996 2799 1396 2867; x_wconf 87' lang='lat' dir='ltr'>Munkatsch</span> <span class='ocrx_word' id='word_1_225' title='bbox 1431 2808 1498 2866; x_wconf 85' lang='lat' dir='ltr'>et</span> <span class='ocrx_word' id='word_1_226' title='bbox 1530 2803 1805 2868; x_wconf 85' lang='lat' dir='ltr'>Etschet</span> <span class='ocrx_word' id='word_1_227' title='bbox 1838 2826 1878 2868; x_wconf 87' lang='lat' dir='ltr'>a</span> <span class='ocrx_word' id='word_1_228' title='bbox 1908 2804 2252 2869; x_wconf 89' lang='lat' dir='ltr'>Bethlemo</span> <span class='ocrx_word' id='word_1_229' title='bbox 2302 2801 2513 2882; x_wconf 86' lang='lat' dir='ltr'>datae,</span> <span class='ocrx_word' id='word_1_230' title='bbox 2551 2805 2679 2867; x_wconf 89' lang='lat' dir='ltr'>imo</span> <span class='ocrx_word' id='word_1_231' title='bbox 2729 2802 2812 2865; x_wconf 88' lang='lat' dir='ltr'>ab</span> <span class='ocrx_word' id='word_1_232' title='bbox 2845 2799 3067 2864; x_wconf 88' lang='lat' dir='ltr'>eodem</span> 
     </span>
     <span class='ocr_line' id='line_1_28' title="bbox 803 2892 3071 2978; baseline -0 -24"><span class='ocrx_word' id='word_1_233' title='bbox 803 2897 998 2974; x_wconf 88' lang='lat' dir='ltr'>pacta</span> <span class='ocrx_word' id='word_1_234' title='bbox 1037 2893 1546 2958; x_wconf 85' lang='lat' dir='ltr'>matrimonialia</span> <span class='ocrx_word' id='word_1_235' title='bbox 1580 2894 1843 2978; x_wconf 87' lang='lat' dir='ltr'>majoris</span> <span class='ocrx_word' id='word_1_236' title='bbox 1878 2896 2117 2958; x_wconf 89' lang='lat' dir='ltr'>amoris</span> <span class='ocrx_word' id='word_1_237' title='bbox 2157 2892 2530 2957; x_wconf 83' lang='lat' dir='ltr'>declarandi</span> <span class='ocrx_word' id='word_1_238' title='bbox 2584 2895 2801 2973; x_wconf 85' lang='lat' dir='ltr'>gratia</span> <span class='ocrx_word' id='word_1_239' title='bbox 2853 2895 3071 2968; x_wconf 79' lang='lat' dir='ltr'>aucta,</span> 
     </span>
     <span class='ocr_line' id='line_1_29' title="bbox 803 2979 3067 3064; baseline -0 -19"><span class='ocrx_word' id='word_1_240' title='bbox 803 2987 870 3046; x_wconf 88' lang='lat' dir='ltr'>et</span> <span class='ocrx_word' id='word_1_241' title='bbox 902 3002 1018 3064; x_wconf 88' lang='lat' dir='ltr'>per</span> <span class='ocrx_word' id='word_1_242' title='bbox 1055 3003 1380 3046; x_wconf 88' lang='lat' dir='ltr'>cursorem</span> <span class='ocrx_word' id='word_1_243' title='bbox 1414 3004 1685 3064; x_wconf 89' lang='lat' dir='ltr'>sponsae</span> <span class='ocrx_word' id='word_1_244' title='bbox 1723 2987 2029 3048; x_wconf 89' lang='lat' dir='ltr'>nuntiata</span> <span class='ocrx_word' id='word_1_245' title='bbox 2078 2991 2246 3047; x_wconf 85' lang='lat' dir='ltr'>sunt.</span> <span class='ocrx_word' id='word_1_246' title='bbox 2300 2981 2695 3047; x_wconf 85' lang='lat' dir='ltr'>Solemnitas</span> <span class='ocrx_word' id='word_1_247' title='bbox 2745 2979 3067 3063; x_wconf 89' lang='lat' dir='ltr'>nuptialis</span> 
     </span>
     <span class='ocr_line' id='line_1_30' title="bbox 803 3072 3070 3155; baseline -0.001 -18"><span class='ocrx_word' id='word_1_248' title='bbox 803 3073 1148 3138; x_wconf 76' lang='lat' dir='ltr'>Cassoviae</span> <span class='ocrx_word' id='word_1_249' title='bbox 1182 3075 1247 3136; x_wconf 88' lang='lat' dir='ltr'>in</span> <span class='ocrx_word' id='word_1_250' title='bbox 1279 3074 1468 3136; x_wconf 91' lang='lat' dir='ltr'>initio</span> <span class='ocrx_word' id='word_1_251' title='bbox 1489 3073 1716 3155; x_wconf 68' lang='lat' dir='ltr'>Marty</span> <span class='ocrx_word' id='word_1_252' title='bbox 1740 3074 2054 3138; x_wconf 88' lang='lat' dir='ltr'>celebrari</span> <span class='ocrx_word' id='word_1_253' title='bbox 2087 3073 2293 3150; x_wconf 88' lang='lat' dir='ltr'>debet,</span> <span class='ocrx_word' id='word_1_254' title='bbox 2327 3072 2410 3137; x_wconf 85' lang='lat' dir='ltr'>ad</span> <span class='ocrx_word' id='word_1_255' title='bbox 2444 3093 2641 3155; x_wconf 85' lang='lat' dir='ltr'>quam</span> <span class='ocrx_word' id='word_1_256' title='bbox 2672 3092 2891 3136; x_wconf 89' lang='lat' dir='ltr'>omnes</span> <span class='ocrx_word' id='word_1_257' title='bbox 2921 3092 3070 3153; x_wconf 88' lang='lat' dir='ltr'>pro·</span> 
     </span>
     <span class='ocr_line' id='line_1_31' title="bbox 803 3161 3067 3246; baseline -0 -21"><span class='ocrx_word' id='word_1_258' title='bbox 803 3161 1144 3244; x_wconf 89' lang='lat' dir='ltr'>pemodum</span> <span class='ocrx_word' id='word_1_259' title='bbox 1207 3163 1546 3244; x_wconf 87' lang='lat' dir='ltr'>Principes</span> <span class='ocrx_word' id='word_1_260' title='bbox 1609 3169 1674 3226; x_wconf 91' lang='lat' dir='ltr'>et</span> <span class='ocrx_word' id='word_1_261' title='bbox 1734 3163 1947 3246; x_wconf 82' lang='lat' dir='ltr'>Reges</span> <span class='ocrx_word' id='word_1_262' title='bbox 1999 3165 2359 3230; x_wconf 86' lang='lat' dir='ltr'>Christiani</span> <span class='ocrx_word' id='word_1_263' title='bbox 2423 3164 2685 3227; x_wconf 82' lang='lat' dir='ltr'>invitati</span> <span class='ocrx_word' id='word_1_264' title='bbox 2747 3167 2917 3226; x_wconf 91' lang='lat' dir='ltr'>sunt.</span> <span class='ocrx_word' id='word_1_265' title='bbox 2981 3161 3067 3224; x_wconf 92' lang='lat' dir='ltr'>In</span> 
     </span>
     <span class='ocr_line' id='line_1_32' title="bbox 803 3249 3070 3338; baseline -0.001 -22"><span class='ocrx_word' id='word_1_266' title='bbox 803 3251 1153 3316; x_wconf 77' lang='lat' dir='ltr'>Novembri</span> <span class='ocrx_word' id='word_1_267' title='bbox 1202 3251 1506 3316; x_wconf 87' lang='lat' dir='ltr'>Bethlem</span> <span class='ocrx_word' id='word_1_268' title='bbox 1556 3255 1623 3317; x_wconf 89' lang='lat' dir='ltr'>in</span> <span class='ocrx_word' id='word_1_269' title='bbox 1674 3252 2210 3338; x_wconf 79' lang='lat' dir='ltr'>Transylvaniam</span> <span class='ocrx_word' id='word_1_270' title='bbox 2275 3252 2454 3316; x_wconf 87' lang='lat' dir='ltr'>abire</span> <span class='ocrx_word' id='word_1_271' title='bbox 2516 3253 2877 3316; x_wconf 89' lang='lat' dir='ltr'>constituit.</span> <span class='ocrx_word' id='word_1_272' title='bbox 2928 3249 3070 3316; x_wconf 82' lang='lat' dir='ltr'>Sub</span> 
     </span>
     <span class='ocr_line' id='line_1_33' title="bbox 801 3341 3069 3425; baseline -0 -21"><span class='ocrx_word' id='word_1_273' title='bbox 801 3341 994 3406; x_wconf 85' lang='lat' dir='ltr'>finem</span> <span class='ocrx_word' id='word_1_274' title='bbox 1026 3341 1406 3406; x_wconf 85' lang='lat' dir='ltr'>Decembris</span> <span class='ocrx_word' id='word_1_275' title='bbox 1431 3343 1875 3408; x_wconf 78' lang='lat' dir='ltr'>Commissarii</span> <span class='ocrx_word' id='word_1_276' title='bbox 1895 3343 2273 3408; x_wconf 87' lang='lat' dir='ltr'>Berolinum</span> <span class='ocrx_word' id='word_1_277' title='bbox 2304 3341 2813 3425; x_wconf 86' lang='lat' dir='ltr'>proficiscentur.</span> <span class='ocrx_word' id='word_1_278' title='bbox 2860 3341 3069 3423; x_wconf 86' lang='lat' dir='ltr'>Spon-</span> 
     </span>
     <span class='ocr_line' id='line_1_34' title="bbox 801 3430 3069 3513; baseline -0.001 -18"><span class='ocrx_word' id='word_1_279' title='bbox 801 3453 936 3496; x_wconf 88' lang='lat' dir='ltr'>sam</span> <span class='ocrx_word' id='word_1_280' title='bbox 1001 3453 1216 3496; x_wconf 88' lang='lat' dir='ltr'>mense</span> <span class='ocrx_word' id='word_1_281' title='bbox 1279 3431 1642 3496; x_wconf 84' lang='lat' dir='ltr'>Februario</span> <span class='ocrx_word' id='word_1_282' title='bbox 1705 3434 2079 3499; x_wconf 81' lang='lat' dir='ltr'>Oassoviam</span> <span class='ocrx_word' id='word_1_283' title='bbox 2142 3432 2599 3498; x_wconf 86' lang='lat' dir='ltr'>introducturi.</span> <span class='ocrx_word' id='word_1_284' title='bbox 2660 3430 3069 3513; x_wconf 75' lang='lat' dir='ltr'>Principale-s</span> 
     </span>
     <span class='ocr_line' id='line_1_35' title="bbox 800 3519 3071 3607; baseline -0.001 -20"><span class='ocrx_word' id='word_1_285' title='bbox 800 3521 1242 3588; x_wconf 82' lang='lat' dir='ltr'>Commissarii</span> <span class='ocrx_word' id='word_1_286' title='bbox 1293 3528 1477 3602; x_wconf 84' lang='lat' dir='ltr'>sunt3</span> <span class='ocrx_word' id='word_1_287' title='bbox 1526 3522 1826 3607; x_wconf 80' lang='lat' dir='ltr'>Ragoczy</span> <span class='ocrx_word' id='word_1_288' title='bbox 1874 3519 2111 3605; x_wconf 59' lang='grc' dir='ltr'>Θεοῖς,</span> <span class='ocrx_word' id='word_1_289' title='bbox 2162 3521 2401 3597; x_wconf 84' lang='lat' dir='ltr'>Caroli,</span> <span class='ocrx_word' id='word_1_290' title='bbox 2448 3521 2635 3586; x_wconf 82' lang='lat' dir='ltr'>Mik6</span> <span class='ocrx_word' id='word_1_291' title='bbox 2684 3522 2961 3585; x_wconf 88' lang='lat' dir='ltr'>Ferentz</span> <span class='ocrx_word' id='word_1_292' title='bbox 2998 3525 3071 3584; x_wconf 89' lang='lat' dir='ltr'>et</span> 
     </span>
     <span class='ocr_line' id='line_1_36' title="bbox 801 3611 3071 3694; baseline -0.001 -18"><span class='ocrx_word' id='word_1_293' title='bbox 801 3611 1133 3694; x_wconf 68' lang='lat' dir='ltr'>Kaschay.</span> <span class='ocrx_word' id='word_1_294' title='bbox 1165 3611 1512 3678; x_wconf 64' lang='lat' dir='ltr'>(lectorum</span> <span class='ocrx_word' id='word_1_295' title='bbox 1547 3613 1790 3678; x_wconf 80' lang='lat' dir='ltr'>Caesar</span> <span class='ocrx_word' id='word_1_296' title='bbox 1837 3619 1902 3677; x_wconf 85' lang='lat' dir='ltr'>et</span> <span class='ocrx_word' id='word_1_297' title='bbox 1931 3613 2074 3677; x_wconf 85' lang='lat' dir='ltr'>Rex</span> <span class='ocrx_word' id='word_1_298' title='bbox 2122 3612 2437 3676; x_wconf 88' lang='lat' dir='ltr'>Poloniae</span> <span class='ocrx_word' id='word_1_299' title='bbox 2484 3613 2898 3677; x_wconf 88' lang='lat' dir='ltr'>matrimonio</span> <span class='ocrx_word' id='word_1_300' title='bbox 2946 3611 3071 3674; x_wconf 88' lang='lat' dir='ltr'>hoc</span> 
     </span>
     <span class='ocr_line' id='line_1_37' title="bbox 801 3701 3070 3784; baseline -0.001 -19"><span class='ocrx_word' id='word_1_301' title='bbox 801 3701 1150 3784; x_wconf 83' lang='lat' dir='ltr'>‹lisgustati</span> <span class='ocrx_word' id='word_1_302' title='bbox 1199 3707 1370 3778; x_wconf 87' lang='lat' dir='ltr'>sunt,</span> <span class='ocrx_word' id='word_1_303' title='bbox 1403 3704 1515 3784; x_wconf 90' lang='lat' dir='ltr'>qui</span> <span class='ocrx_word' id='word_1_304' title='bbox 1567 3701 1731 3766; x_wconf 88' lang='lat' dir='ltr'>forte</span> <span class='ocrx_word' id='word_1_305' title='bbox 1784 3702 2325 3767; x_wconf 84' lang='lat' dir='ltr'>introductionem</span> <span class='ocrx_word' id='word_1_306' title='bbox 2374 3701 2557 3768; x_wconf 88' lang='lat' dir='ltr'>illam</span> <span class='ocrx_word' id='word_1_307' title='bbox 2606 3703 2778 3766; x_wconf 90' lang='lat' dir='ltr'>omni</span> <span class='ocrx_word' id='word_1_308' title='bbox 2829 3705 3070 3765; x_wconf 84' lang='lat' dir='ltr'>conatu</span> 
     </span>
     <span class='ocr_line' id='line_1_38' title="bbox 801 3789 3070 3876; baseline -0.001 -21"><span class='ocrx_word' id='word_1_309' title='bbox 801 3791 1114 3874; x_wconf 85' lang='lat' dir='ltr'>impedire</span> <span class='ocrx_word' id='word_1_310' title='bbox 1145 3791 1399 3872; x_wconf 84' lang='lat' dir='ltr'>vellent,</span> <span class='ocrx_word' id='word_1_311' title='bbox 1433 3793 1485 3855; x_wconf 89' lang='lat' dir='ltr'>si</span> <span class='ocrx_word' id='word_1_312' title='bbox 1519 3813 1646 3855; x_wconf 91' lang='lat' dir='ltr'>non</span> <span class='ocrx_word' id='word_1_313' title='bbox 1680 3792 1935 3876; x_wconf 82' lang='lat' dir='ltr'>Tyllius</span> <span class='ocrx_word' id='word_1_314' title='bbox 1968 3798 2119 3857; x_wconf 88' lang='lat' dir='ltr'>ante</span> <span class='ocrx_word' id='word_1_315' title='bbox 2171 3793 2293 3856; x_wconf 86' lang='lat' dir='ltr'>hac</span> <span class='ocrx_word' id='word_1_316' title='bbox 2346 3799 2599 3856; x_wconf 88' lang='lat' dir='ltr'>tantam</span> <span class='ocrx_word' id='word_1_317' title='bbox 2648 3789 2895 3856; x_wconf 83' lang='lat' dir='ltr'>cladem</span> <span class='ocrx_word' id='word_1_318' title='bbox 2927 3811 3070 3872; x_wconf 87' lang='lat' dir='ltr'>per-</span> 
     </span>
     <span class='ocr_line' id='line_1_39' title="bbox 801 3879 2725 3964; baseline -0.001 -19"><span class='ocrx_word' id='word_1_319' title='bbox 801 3903 1026 3964; x_wconf 88' lang='lat' dir='ltr'>pessus</span> <span class='ocrx_word' id='word_1_320' title='bbox 1059 3881 1200 3946; x_wconf 89' lang='lat' dir='ltr'>fuit.</span> <span class='ocrx_word' id='word_1_321' title='bbox 1237 3881 1587 3946; x_wconf 84' lang='lat' dir='ltr'>Dabantur</span> <span class='ocrx_word' id='word_1_322' title='bbox 1619 3883 1963 3948; x_wconf 78' lang='lat' dir='ltr'>Oassoviae</span> <span class='ocrx_word' id='word_1_323' title='bbox 2000 3887 2080 3947; x_wconf 85' lang='grc'>18</span> <span class='ocrx_word' id='word_1_324' title='bbox 2114 3879 2499 3947; x_wconf 83' lang='lat' dir='ltr'>Novembris</span> <span class='ocrx_word' id='word_1_325' title='bbox 2537 3886 2725 3946; x_wconf 82' lang='lat'>1625.</span> 
     </span>
    </p>
   </div>
   <div class='ocr_carea' id='block_1_3' title="bbox 803 4151 3073 4598">
    <p class='ocr_par' dir='ltr' id='par_1_5' title="bbox 803 4151 3073 4598">
     <span class='ocr_line' id='line_1_40' title="bbox 1015 4151 3071 4235; baseline 0 -20"><span class='ocrx_word' id='word_1_326' title='bbox 1015 4151 1510 4216; x_wconf 81' lang='lat' dir='ltr'>Extractus</span> <span class='ocrx_word' id='word_1_327' title='bbox 1558 4152 2036 4216; x_wconf 87' lang='lat' dir='ltr'>literarum</span> <span class='ocrx_word' id='word_1_328' title='bbox 2086 4174 2179 4217; x_wconf 83' lang='lat' dir='ltr'>ex</span> <span class='ocrx_word' id='word_1_329' title='bbox 2230 4153 2636 4235; x_wconf 85' lang='lat' dir='ltr'>Ungaria</span> <span class='ocrx_word' id='word_1_330' title='bbox 2688 4152 3071 4235; x_wconf 84' lang='lat' dir='ltr'>scripta-</span> 
     </span>
     <span class='ocr_line' id='line_1_41' title="bbox 803 4241 2301 4307; baseline 0.001 -3"><span class='ocrx_word' id='word_1_331' title='bbox 803 4262 996 4304; x_wconf 88' lang='lat' dir='ltr'>rum.</span> <span class='ocrx_word' id='word_1_332' title='bbox 1047 4243 1308 4305; x_wconf 84' lang='lat' dir='ltr'>Primae</span> <span class='ocrx_word' id='word_1_333' title='bbox 1340 4241 1596 4307; x_wconf 84' lang='lat' dir='ltr'>litterae</span> <span class='ocrx_word' id='word_1_334' title='bbox 1629 4244 1672 4305; x_wconf 89' lang='lat'>4</span> <span class='ocrx_word' id='word_1_335' title='bbox 1705 4241 2012 4306; x_wconf 89' lang='lat' dir='ltr'>articulos</span> <span class='ocrx_word' id='word_1_336' title='bbox 2044 4243 2301 4307; x_wconf 89' lang='lat' dir='ltr'>habent.</span> 
     </span>
     <span class='ocr_line' id='line_1_42' title="bbox 1091 4329 2421 4397; baseline 0 -3"><span class='ocrx_word' id='word_1_337' title='bbox 1091 4332 1146 4394; x_wconf 90' lang='lat' dir='ltr'>I.</span> <span class='ocrx_word' id='word_1_338' title='bbox 1179 4331 1302 4394; x_wconf 87' lang='lat' dir='ltr'>Est</span> <span class='ocrx_word' id='word_1_339' title='bbox 1333 4332 1411 4395; x_wconf 87' lang='lat' dir='ltr'>de</span> <span class='ocrx_word' id='word_1_340' title='bbox 1445 4329 1628 4396; x_wconf 77' lang='lat' dir='ltr'>Sermi</span> <span class='ocrx_word' id='word_1_341' title='bbox 1681 4332 2007 4397; x_wconf 88' lang='lat' dir='ltr'>Bethlemi</span> <span class='ocrx_word' id='word_1_342' title='bbox 2038 4332 2421 4397; x_wconf 84' lang='lat' dir='ltr'>valetudine.</span> 
     </span>
     <span class='ocr_line' id='line_1_43' title="bbox 1049 4420 2913 4506; baseline 0.001 -23"><span class='ocrx_word' id='word_1_343' title='bbox 1049 4421 1143 4483; x_wconf 90' lang='lat' dir='ltr'>II.</span> <span class='ocrx_word' id='word_1_344' title='bbox 1177 4420 1280 4484; x_wconf 91' lang='lat' dir='ltr'>De</span> <span class='ocrx_word' id='word_1_345' title='bbox 1311 4421 1637 4504; x_wconf 87' lang='lat' dir='ltr'>praesenti</span> <span class='ocrx_word' id='word_1_346' title='bbox 1668 4421 2052 4504; x_wconf 89' lang='lat' dir='ltr'>Hungariae</span> <span class='ocrx_word' id='word_1_347' title='bbox 2086 4428 2150 4486; x_wconf 94' lang='lat' dir='ltr'>et</span> <span class='ocrx_word' id='word_1_348' title='bbox 2182 4422 2687 4506; x_wconf 84' lang='lat' dir='ltr'>Transylvaniae</span> <span class='ocrx_word' id='word_1_349' title='bbox 2720 4428 2913 4486; x_wconf 86' lang='lat' dir='ltr'>statu.</span> 
     </span>
     <span class='ocr_line' id='line_1_44' title="bbox 1021 4510 3073 4598; baseline 0.001 -24"><span class='ocrx_word' id='word_1_350' title='bbox 1021 4510 1152 4574; x_wconf 86' lang='grc' dir='ltr'><strong>ΙΙΙ.</strong></span> <span class='ocrx_word' id='word_1_351' title='bbox 1186 4510 1286 4574; x_wconf 89' lang='lat' dir='ltr'>De</span> <span class='ocrx_word' id='word_1_352' title='bbox 1320 4510 1702 4594; x_wconf 87' lang='lat' dir='ltr'>quibusdam</span> <span class='ocrx_word' id='word_1_353' title='bbox 1740 4510 1952 4579; x_wconf 87' lang='lat' dir='ltr'>Aulae</span> <span class='ocrx_word' id='word_1_354' title='bbox 2001 4512 2193 4598; x_wconf 88' lang='lat' dir='ltr'>hujus</span> <span class='ocrx_word' id='word_1_355' title='bbox 2246 4512 2547 4580; x_wconf 80' lang='lat' dir='ltr'>Consiliis</span> <span class='ocrx_word' id='word_1_356' title='bbox 2595 4517 2662 4577; x_wconf 87' lang='lat' dir='ltr'>et</span> <span class='ocrx_word' id='word_1_357' title='bbox 2694 4511 3073 4578; x_wconf 74' lang='lat' dir='ltr'>actionibus,</span> 
     </span>
    </p>
   </div>
  </div>
 </body>
</html>
