<?xml version="1.0" encoding="UTF-8"?>
<!DOCTYPE html PUBLIC "-//W3C//DTD XHTML 1.0 Transitional//EN"
    "http://www.w3.org/TR/xhtml1/DTD/xhtml1-transitional.dtd">
<html xmlns="http://www.w3.org/1999/xhtml" xml:lang="en" lang="en">
 <head>
  <title>
</title>
<meta http-equiv="Content-Type" content="text/html;charset=utf-8" />
  <meta name='ocr-system' content='tesseract 3.04.00' />
  <meta name='ocr-capabilities' content='ocr_page ocr_carea ocr_par ocr_line ocrx_word'/>
</head>
<body>
  <div class='ocr_page' id='page_1' title='image "./diplomatariumre00vgoog_0616.png"; bbox 0 0 3459 5300; ppageno 0'>
   <div class='ocr_carea' id='block_1_1' title="bbox 839 349 2554 407">
    <p class='ocr_par' dir='ltr' id='par_1_1' title="bbox 839 349 2554 407">
     <span class='ocr_line' id='line_1_1' title="bbox 839 349 2554 407; baseline -0.001 -1"><span class='ocrx_word' id='word_1_1' title='bbox 839 350 962 407; x_wconf 82' lang='lat'>602</span> <span class='ocrx_word' id='word_1_2' title='bbox 1376 349 1561 406; x_wconf 77' lang='lat'>1625.</span> <span class='ocrx_word' id='word_1_3' title='bbox 1593 370 1890 407; x_wconf 68' lang='lat' dir='ltr'>vnnnxczm</span> <span class='ocrx_word' id='word_1_4' title='bbox 1924 358 2175 405; x_wconf 68' lang='grc' dir='ltr'><em>κῦνετεκ</em></span> <span class='ocrx_word' id='word_1_5' title='bbox 2210 357 2554 405; x_wconf 60' lang='lat' dir='ltr'>sams-rimer.</span> 
     </span>
    </p>
   </div>
   <div class='ocr_carea' id='block_1_2' title="bbox 1050 522 2478 607">
    <p class='ocr_par' dir='ltr' id='par_1_2' title="bbox 1050 522 2478 607">
     <span class='ocr_line' id='line_1_2' title="bbox 1050 522 2478 607; baseline -0.003 -17"><span class='ocrx_word' id='word_1_6' title='bbox 1050 522 1471 590; x_wconf 85' lang='lat' dir='ltr'>Serenissime</span> <span class='ocrx_word' id='word_1_7' title='bbox 1501 522 1817 607; x_wconf 81' lang='lat' dir='ltr'>Princeps</span> <span class='ocrx_word' id='word_1_8' title='bbox 1848 522 2055 588; x_wconf 90' lang='lat' dir='ltr'>Nobis</span> <span class='ocrx_word' id='word_1_9' title='bbox 2086 522 2478 588; x_wconf 81' lang='lat' dir='ltr'>honorande.</span> 
     </span>
    </p>
   </div>
   <div class='ocr_carea' id='block_1_3' title="bbox 831 630 3101 1979">
    <p class='ocr_par' dir='ltr' id='par_1_3' title="bbox 831 630 3101 1979">
     <span class='ocr_line' id='line_1_3' title="bbox 1045 630 3092 717; baseline -0.001 -18"><span class='ocrx_word' id='word_1_10' title='bbox 1045 632 1330 717; x_wconf 86' lang='lat' dir='ltr'>Legatos</span> <span class='ocrx_word' id='word_1_11' title='bbox 1381 630 1769 698; x_wconf 91' lang='lat' dir='ltr'>Serenitatis</span> <span class='ocrx_word' id='word_1_12' title='bbox 1807 631 2083 699; x_wconf 79' lang='lat' dir='ltr'><strong>Vestrae</strong></span> <span class='ocrx_word' id='word_1_13' title='bbox 2120 632 2365 697; x_wconf 90' lang='lat' dir='ltr'>sincere</span> <span class='ocrx_word' id='word_1_14' title='bbox 2412 630 2619 697; x_wconf 92' lang='lat' dir='ltr'>Nobis</span> <span class='ocrx_word' id='word_1_15' title='bbox 2638 630 2907 697; x_wconf 86' lang='lat' dir='ltr'>dilectos</span> <span class='ocrx_word' id='word_1_16' title='bbox 2944 630 3092 696; x_wconf 87' lang='lat' dir='ltr'>Ma-</span> 
     </span>
     <span class='ocr_line' id='line_1_4' title="bbox 835 720 3095 806; baseline -0.001 -19"><span class='ocrx_word' id='word_1_17' title='bbox 835 721 1099 806; x_wconf 83' lang='lat' dir='ltr'>gnificos</span> <span class='ocrx_word' id='word_1_18' title='bbox 1133 720 1534 806; x_wconf 83' lang='lat' dir='ltr'>Stephanum</span> <span class='ocrx_word' id='word_1_19' title='bbox 1582 720 2009 789; x_wconf 73' lang='lat' dir='ltr'>Cdvachiochi</span> <span class='ocrx_word' id='word_1_20' title='bbox 2058 722 2537 790; x_wconf 87' lang='lat' dir='ltr'>Cancellarium</span> <span class='ocrx_word' id='word_1_21' title='bbox 2571 726 2640 786; x_wconf 91' lang='lat' dir='ltr'>et</span> <span class='ocrx_word' id='word_1_22' title='bbox 2668 721 3095 787; x_wconf 83' lang='lat' dir='ltr'>Franciscum</span> 
     </span>
     <span class='ocr_line' id='line_1_5' title="bbox 834 811 3095 896; baseline -0.001 -18"><span class='ocrx_word' id='word_1_23' title='bbox 834 812 1036 896; x_wconf 82' lang='lat' dir='ltr'>Tripo</span> <span class='ocrx_word' id='word_1_24' title='bbox 1086 811 1591 894; x_wconf 84' lang='lat' dir='ltr'>Cubicularium,</span> <span class='ocrx_word' id='word_1_25' title='bbox 1637 812 2055 895; x_wconf 91' lang='lat' dir='ltr'>eiusdemque</span> <span class='ocrx_word' id='word_1_26' title='bbox 2104 811 2522 879; x_wconf 73' lang='lat' dir='ltr'>consiliarios</span> <span class='ocrx_word' id='word_1_27' title='bbox 2560 811 2641 876; x_wconf 91' lang='lat' dir='ltr'>ad</span> <span class='ocrx_word' id='word_1_28' title='bbox 2676 811 3095 877; x_wconf 77' lang='lat' dir='ltr'>Maiestatem</span> 
     </span>
     <span class='ocr_line' id='line_1_6' title="bbox 831 900 3089 987; baseline -0.001 -20"><span class='ocrx_word' id='word_1_29' title='bbox 831 902 1142 967; x_wconf 88' lang='lat' dir='ltr'>Nostram</span> <span class='ocrx_word' id='word_1_30' title='bbox 1176 903 1506 987; x_wconf 87' lang='lat' dir='ltr'>expeditos</span> <span class='ocrx_word' id='word_1_31' title='bbox 1543 923 1740 985; x_wconf 87' lang='lat' dir='ltr'>penes</span> <span class='ocrx_word' id='word_1_32' title='bbox 1774 902 2197 969; x_wconf 88' lang='lat' dir='ltr'>credentiales</span> <span class='ocrx_word' id='word_1_33' title='bbox 2218 900 2602 968; x_wconf 88' lang='lat' dir='ltr'>Serenitatis</span> <span class='ocrx_word' id='word_1_34' title='bbox 2636 902 2914 969; x_wconf 86' lang='lat' dir='ltr'>Vestrae</span> <span class='ocrx_word' id='word_1_35' title='bbox 2945 902 3089 966; x_wconf 89' lang='lat' dir='ltr'>lite·</span> 
     </span>
     <span class='ocr_line' id='line_1_7' title="bbox 834 991 3095 1077; baseline -0.001 -19"><span class='ocrx_word' id='word_1_36' title='bbox 834 1014 958 1069; x_wconf 85' lang='lat' dir='ltr'>ras,</span> <span class='ocrx_word' id='word_1_37' title='bbox 990 992 1263 1077; x_wconf 84' lang='lat' dir='ltr'>benigne</span> <span class='ocrx_word' id='word_1_38' title='bbox 1313 992 1693 1071; x_wconf 79' lang='lat' dir='ltr'>audivimus,</span> <span class='ocrx_word' id='word_1_39' title='bbox 1726 1015 1767 1057; x_wconf 88' lang='lat' dir='ltr'>a</span> <span class='ocrx_word' id='word_1_40' title='bbox 1798 992 2031 1075; x_wconf 89' lang='lat' dir='ltr'>quibus</span> <span class='ocrx_word' id='word_1_41' title='bbox 2082 993 2161 1057; x_wconf 91' lang='lat' dir='ltr'>de</span> <span class='ocrx_word' id='word_1_42' title='bbox 2202 992 2587 1058; x_wconf 85' lang='lat' dir='ltr'>Serenitatis</span> <span class='ocrx_word' id='word_1_43' title='bbox 2620 991 2899 1059; x_wconf 85' lang='lat' dir='ltr'>Vestrae</span> <span class='ocrx_word' id='word_1_44' title='bbox 2932 1012 3095 1075; x_wconf 86' lang='lat' dir='ltr'>erga</span> 
     </span>
     <span class='ocr_line' id='line_1_8' title="bbox 837 1082 3097 1166; baseline -0.001 -17"><span class='ocrx_word' id='word_1_45' title='bbox 837 1082 1253 1149; x_wconf 85' lang='lat' dir='ltr'>Maiestatem</span> <span class='ocrx_word' id='word_1_46' title='bbox 1284 1082 1595 1148; x_wconf 87' lang='lat' dir='ltr'>Nostram</span> <span class='ocrx_word' id='word_1_47' title='bbox 1627 1083 1875 1148; x_wconf 87' lang='lat' dir='ltr'>sincero</span> <span class='ocrx_word' id='word_1_48' title='bbox 1895 1082 2150 1161; x_wconf 88' lang='lat' dir='ltr'>affectu,</span> <span class='ocrx_word' id='word_1_49' title='bbox 2182 1090 2247 1147; x_wconf 89' lang='lat' dir='ltr'>et</span> <span class='ocrx_word' id='word_1_50' title='bbox 2278 1082 2428 1147; x_wconf 89' lang='lat' dir='ltr'>boni</span> <span class='ocrx_word' id='word_1_51' title='bbox 2446 1082 2689 1166; x_wconf 85' lang='lat' dir='ltr'>publici</span> <span class='ocrx_word' id='word_1_52' title='bbox 2714 1082 3097 1147; x_wconf 89' lang='lat' dir='ltr'>communis·</span> 
     </span>
     <span class='ocr_line' id='line_1_9' title="bbox 833 1172 3097 1257; baseline 0 -20"><span class='ocrx_word' id='word_1_53' title='bbox 833 1194 958 1256; x_wconf 90' lang='lat' dir='ltr'>que</span> <span class='ocrx_word' id='word_1_54' title='bbox 1001 1172 1421 1257; x_wconf 84' lang='lat' dir='ltr'>Reipublicae</span> <span class='ocrx_word' id='word_1_55' title='bbox 1463 1172 1851 1239; x_wconf 84' lang='lat' dir='ltr'>christianae</span> <span class='ocrx_word' id='word_1_56' title='bbox 1894 1174 2310 1252; x_wconf 89' lang='lat' dir='ltr'>increment0,</span> <span class='ocrx_word' id='word_1_57' title='bbox 2326 1172 2545 1239; x_wconf 90' lang='lat' dir='ltr'>studia</span> <span class='ocrx_word' id='word_1_58' title='bbox 2565 1180 2631 1237; x_wconf 89' lang='lat' dir='ltr'>et</span> <span class='ocrx_word' id='word_1_59' title='bbox 2648 1178 2950 1237; x_wconf 90' lang='lat' dir='ltr'>conatum</span> <span class='ocrx_word' id='word_1_60' title='bbox 2992 1193 3097 1237; x_wconf 92' lang='lat' dir='ltr'>co-</span> 
     </span>
     <span class='ocr_line' id='line_1_10' title="bbox 833 1262 3098 1347; baseline -0.001 -19"><span class='ocrx_word' id='word_1_61' title='bbox 833 1268 1228 1347; x_wconf 86' lang='lat' dir='ltr'>gnoscentes,</span> <span class='ocrx_word' id='word_1_62' title='bbox 1243 1286 1385 1329; x_wconf 92' lang='lat' dir='ltr'>cum</span> <span class='ocrx_word' id='word_1_63' title='bbox 1408 1262 1630 1329; x_wconf 88' lang='lat' dir='ltr'>ordine</span> <span class='ocrx_word' id='word_1_64' title='bbox 1641 1264 1927 1341; x_wconf 86' lang='lat' dir='ltr'>fecimus,</span> <span class='ocrx_word' id='word_1_65' title='bbox 1940 1264 2305 1328; x_wconf 78' lang='lat' dir='ltr'>utvicissim</span> <span class='ocrx_word' id='word_1_66' title='bbox 2326 1262 2404 1327; x_wconf 91' lang='lat' dir='ltr'>de</span> <span class='ocrx_word' id='word_1_67' title='bbox 2426 1262 2798 1328; x_wconf 83' lang='lat' dir='ltr'>Maiestatis</span> <span class='ocrx_word' id='word_1_68' title='bbox 2811 1262 3098 1328; x_wconf 84' lang='lat' dir='ltr'>Nostrae</span> 
     </span>
     <span class='ocr_line' id='line_1_11' title="bbox 835 1351 3095 1435; baseline -0.001 -16"><span class='ocrx_word' id='word_1_69' title='bbox 835 1353 1193 1432; x_wconf 90' lang='lat' dir='ltr'>clementia,</span> <span class='ocrx_word' id='word_1_70' title='bbox 1224 1360 1289 1420; x_wconf 91' lang='lat' dir='ltr'>et</span> <span class='ocrx_word' id='word_1_71' title='bbox 1319 1353 1737 1419; x_wconf 86' lang='lat' dir='ltr'>inclinatione</span> <span class='ocrx_word' id='word_1_72' title='bbox 1765 1354 2308 1420; x_wconf 87' lang='lat' dir='ltr'>assecurationem</span> <span class='ocrx_word' id='word_1_73' title='bbox 2342 1352 2681 1435; x_wconf 85' lang='lat' dir='ltr'>referrent,</span> <span class='ocrx_word' id='word_1_74' title='bbox 2712 1352 2875 1418; x_wconf 85' lang='lat' dir='ltr'>nihil</span> <span class='ocrx_word' id='word_1_75' title='bbox 2912 1351 3095 1417; x_wconf 90' lang='lat' dir='ltr'>dubi·</span> 
     </span>
     <span class='ocr_line' id='line_1_12' title="bbox 834 1443 3099 1528; baseline -0.002 -19"><span class='ocrx_word' id='word_1_76' title='bbox 834 1450 1065 1522; x_wconf 77' lang='lat' dir='ltr'>tanteS,</span> <span class='ocrx_word' id='word_1_77' title='bbox 1111 1444 1268 1527; x_wconf 90' lang='lat' dir='ltr'>quin</span> <span class='ocrx_word' id='word_1_78' title='bbox 1317 1444 1384 1508; x_wconf 91' lang='lat' dir='ltr'>in</span> <span class='ocrx_word' id='word_1_79' title='bbox 1433 1450 1763 1528; x_wconf 89' lang='lat' dir='ltr'>posterum</span> <span class='ocrx_word' id='word_1_80' title='bbox 1812 1443 2009 1509; x_wconf 88' lang='lat' dir='ltr'>etiam</span> <span class='ocrx_word' id='word_1_81' title='bbox 2060 1443 2437 1509; x_wconf 87' lang='lat' dir='ltr'>continuata</span> <span class='ocrx_word' id='word_1_82' title='bbox 2474 1443 2787 1509; x_wconf 90' lang='lat' dir='ltr'>eiusmodi</span> <span class='ocrx_word' id='word_1_83' title='bbox 2842 1464 2962 1509; x_wconf 89' lang='lat' dir='ltr'>sua</span> <span class='ocrx_word' id='word_1_84' title='bbox 2991 1464 3099 1506; x_wconf 72' lang='lat' dir='ltr'>vo—</span> 
     </span>
     <span class='ocr_line' id='line_1_13' title="bbox 837 1532 3100 1600; baseline -0.001 -1"><span class='ocrx_word' id='word_1_85' title='bbox 837 1534 1089 1599; x_wconf 87' lang='lat' dir='ltr'>luntate</span> <span class='ocrx_word' id='word_1_86' title='bbox 1121 1540 1190 1598; x_wconf 91' lang='lat' dir='ltr'>et</span> <span class='ocrx_word' id='word_1_87' title='bbox 1220 1533 1719 1600; x_wconf 87' lang='lat' dir='ltr'>exhibitionibus</span> <span class='ocrx_word' id='word_1_88' title='bbox 1772 1534 2113 1599; x_wconf 88' lang='lat' dir='ltr'>Maiestati</span> <span class='ocrx_word' id='word_1_89' title='bbox 2144 1532 2429 1599; x_wconf 87' lang='lat' dir='ltr'>Nostrae</span> <span class='ocrx_word' id='word_1_90' title='bbox 2462 1532 2857 1599; x_wconf 89' lang='lat' dir='ltr'>confidenter</span> <span class='ocrx_word' id='word_1_91' title='bbox 2887 1552 3100 1598; x_wconf 88' lang='lat' dir='ltr'>corre-</span> 
     </span>
     <span class='ocr_line' id='line_1_14' title="bbox 837 1622 3101 1708; baseline -0 -20"><span class='ocrx_word' id='word_1_92' title='bbox 837 1645 1156 1708; x_wconf 90' lang='lat' dir='ltr'>sponsura</span> <span class='ocrx_word' id='word_1_93' title='bbox 1188 1625 1288 1702; x_wconf 89' lang='lat' dir='ltr'>sit,</span> <span class='ocrx_word' id='word_1_94' title='bbox 1319 1626 1849 1708; x_wconf 88' lang='lat' dir='ltr'>occasionemque</span> <span class='ocrx_word' id='word_1_95' title='bbox 1882 1630 2357 1706; x_wconf 85' lang='lat' dir='ltr'>conservatura,</span> <span class='ocrx_word' id='word_1_96' title='bbox 2402 1630 2479 1688; x_wconf 92' lang='lat' dir='ltr'>ut</span> <span class='ocrx_word' id='word_1_97' title='bbox 2524 1646 2642 1708; x_wconf 89' lang='lat' dir='ltr'>pro</span> <span class='ocrx_word' id='word_1_98' title='bbox 2672 1630 2898 1689; x_wconf 90' lang='lat' dir='ltr'>mutua</span> <span class='ocrx_word' id='word_1_99' title='bbox 2926 1622 3101 1687; x_wconf 87' lang='lat' dir='ltr'>bona</span> 
     </span>
     <span class='ocr_line' id='line_1_15' title="bbox 837 1711 3100 1799; baseline -0.001 -20"><span class='ocrx_word' id='word_1_100' title='bbox 837 1713 1288 1797; x_wconf 85' lang='lat' dir='ltr'>intelligentia,</span> <span class='ocrx_word' id='word_1_101' title='bbox 1310 1714 1767 1796; x_wconf 89' lang='lat' dir='ltr'>stabilimenta,</span> <span class='ocrx_word' id='word_1_102' title='bbox 1788 1734 1953 1797; x_wconf 88' lang='lat' dir='ltr'>quae</span> <span class='ocrx_word' id='word_1_103' title='bbox 1975 1714 2289 1781; x_wconf 88' lang='lat' dir='ltr'>hactenus</span> <span class='ocrx_word' id='word_1_104' title='bbox 2321 1714 2693 1799; x_wconf 87' lang='lat' dir='ltr'>optabiliter</span> <span class='ocrx_word' id='word_1_105' title='bbox 2724 1718 2793 1778; x_wconf 91' lang='lat' dir='ltr'>et</span> <span class='ocrx_word' id='word_1_106' title='bbox 2822 1711 3100 1777; x_wconf 88' lang='lat' dir='ltr'>feliciter</span> 
     </span>
     <span class='ocr_line' id='line_1_16' title="bbox 833 1802 3099 1888; baseline -0.001 -19"><span class='ocrx_word' id='word_1_107' title='bbox 833 1812 1388 1883; x_wconf 86' lang='lat' dir='ltr'>consurrexerunt,</span> <span class='ocrx_word' id='word_1_108' title='bbox 1435 1803 1699 1888; x_wconf 89' lang='lat' dir='ltr'>paribus</span> <span class='ocrx_word' id='word_1_109' title='bbox 1747 1804 1979 1871; x_wconf 90' lang='lat' dir='ltr'>studiis</span> <span class='ocrx_word' id='word_1_110' title='bbox 2026 1809 2396 1888; x_wconf 85' lang='lat' dir='ltr'>augescant,</span> <span class='ocrx_word' id='word_1_111' title='bbox 2446 1810 2512 1869; x_wconf 90' lang='lat' dir='ltr'>et</span> <span class='ocrx_word' id='word_1_112' title='bbox 2559 1802 2928 1870; x_wconf 88' lang='lat' dir='ltr'>constantia</span> <span class='ocrx_word' id='word_1_113' title='bbox 2968 1802 3099 1867; x_wconf 90' lang='lat' dir='ltr'>sin·</span> 
     </span>
     <span class='ocr_line' id='line_1_17' title="bbox 833 1894 3101 1979; baseline -0.001 -20"><span class='ocrx_word' id='word_1_114' title='bbox 833 1916 984 1960; x_wconf 88' lang='lat' dir='ltr'>cera</span> <span class='ocrx_word' id='word_1_115' title='bbox 1013 1901 1450 1979; x_wconf 83' lang='lat' dir='ltr'>permaneant3</span> <span class='ocrx_word' id='word_1_116' title='bbox 1479 1894 1546 1959; x_wconf 91' lang='lat' dir='ltr'>id</span> <span class='ocrx_word' id='word_1_117' title='bbox 1587 1894 1761 1976; x_wconf 91' lang='lat' dir='ltr'>quod</span> <span class='ocrx_word' id='word_1_118' title='bbox 1792 1895 1872 1960; x_wconf 92' lang='lat' dir='ltr'>de</span> <span class='ocrx_word' id='word_1_119' title='bbox 1904 1894 2254 1959; x_wconf 88' lang='lat' dir='ltr'>Maiestate</span> <span class='ocrx_word' id='word_1_120' title='bbox 2286 1894 2533 1960; x_wconf 87' lang='lat' dir='ltr'>Nostra</span> <span class='ocrx_word' id='word_1_121' title='bbox 2565 1894 2974 1960; x_wconf 85' lang='lat' dir='ltr'>abundanter</span> <span class='ocrx_word' id='word_1_122' title='bbox 3024 1900 3101 1957; x_wconf 88' lang='lat' dir='ltr'>ut</span> 
     </span>
    </p>
   </div>
   <div class='ocr_carea' id='block_1_4' title="bbox 696 1982 3098 2069">
    <p class='ocr_par' dir='ltr' id='par_1_4' title="bbox 696 1982 3098 2069">
     <span class='ocr_line' id='line_1_18' title="bbox 696 1982 3098 2069; baseline -0.001 -20"><span class='ocrx_word' id='word_1_123' title='bbox 696 2003 706 2013; x_wconf 94' lang='lat'>·</span> <span class='ocrx_word' id='word_1_124' title='bbox 836 1985 956 2049; x_wconf 91' lang='lat' dir='ltr'>sibi</span> <span class='ocrx_word' id='word_1_125' title='bbox 987 1983 1388 2068; x_wconf 88' lang='lat' dir='ltr'>polliceatur,</span> <span class='ocrx_word' id='word_1_126' title='bbox 1422 1984 1694 2068; x_wconf 85' lang='lat' dir='ltr'>benigne</span> <span class='ocrx_word' id='word_1_127' title='bbox 1725 1985 2031 2063; x_wconf 77' lang='lat' dir='ltr'>volumuS‚</span> <span class='ocrx_word' id='word_1_128' title='bbox 2063 1984 2584 2069; x_wconf 88' lang='lat' dir='ltr'>confidimusque,</span> <span class='ocrx_word' id='word_1_129' title='bbox 2616 1983 2861 2049; x_wconf 90' lang='lat' dir='ltr'>nullam</span> <span class='ocrx_word' id='word_1_130' title='bbox 2894 1982 3098 2047; x_wconf 91' lang='lat' dir='ltr'>ambi·</span> 
     </span>
    </p>
   </div>
   <div class='ocr_carea' id='block_1_5' title="bbox 834 2073 3105 2792">
    <p class='ocr_par' dir='ltr' id='par_1_5' title="bbox 834 2073 3103 2609">
     <span class='ocr_line' id='line_1_19' title="bbox 837 2073 3101 2160; baseline -0.002 -19"><span class='ocrx_word' id='word_1_131' title='bbox 837 2076 1150 2159; x_wconf 86' lang='lat' dir='ltr'>guitatem</span> <span class='ocrx_word' id='word_1_132' title='bbox 1204 2076 1542 2140; x_wconf 89' lang='lat' dir='ltr'>inhaerere</span> <span class='ocrx_word' id='word_1_133' title='bbox 1573 2076 1789 2140; x_wconf 91' lang='lat' dir='ltr'>animo</span> <span class='ocrx_word' id='word_1_134' title='bbox 1838 2097 1954 2140; x_wconf 90' lang='lat' dir='ltr'>suo</span> <span class='ocrx_word' id='word_1_135' title='bbox 1985 2096 2339 2160; x_wconf 89' lang='lat' dir='ltr'>passurum.</span> <span class='ocrx_word' id='word_1_136' title='bbox 2404 2074 2507 2140; x_wconf 91' lang='lat' dir='ltr'>De</span> <span class='ocrx_word' id='word_1_137' title='bbox 2540 2076 2773 2140; x_wconf 90' lang='lat' dir='ltr'>ceteris</span> <span class='ocrx_word' id='word_1_138' title='bbox 2818 2073 3101 2157; x_wconf 79' lang='lat' dir='ltr'>negotiis</span> 
     </span>
     <span class='ocr_line' id='line_1_20' title="bbox 839 2162 3101 2249; baseline -0 -19"><span class='ocrx_word' id='word_1_139' title='bbox 839 2164 1112 2249; x_wconf 89' lang='lat' dir='ltr'>predicti</span> <span class='ocrx_word' id='word_1_140' title='bbox 1143 2165 1382 2249; x_wconf 87' lang='lat' dir='ltr'>Legati</span> <span class='ocrx_word' id='word_1_141' title='bbox 1422 2162 1809 2231; x_wconf 87' lang='lat' dir='ltr'>Serenitatis</span> <span class='ocrx_word' id='word_1_142' title='bbox 1840 2165 2134 2243; x_wconf 89' lang='lat' dir='ltr'>Vestrae,</span> <span class='ocrx_word' id='word_1_143' title='bbox 2186 2165 2419 2249; x_wconf 89' lang='lat' dir='ltr'>quibus</span> <span class='ocrx_word' id='word_1_144' title='bbox 2470 2165 2757 2249; x_wconf 88' lang='lat' dir='ltr'>alioquin</span> <span class='ocrx_word' id='word_1_145' title='bbox 2807 2183 3101 2230; x_wconf 87' lang='lat' dir='ltr'>necessa-</span> 
     </span>
     <span class='ocr_line' id='line_1_21' title="bbox 836 2252 3103 2339; baseline -0.001 -20"><span class='ocrx_word' id='word_1_146' title='bbox 836 2256 1002 2321; x_wconf 88' lang='lat' dir='ltr'>riam</span> <span class='ocrx_word' id='word_1_147' title='bbox 1053 2255 1526 2339; x_wconf 84' lang='lat' dir='ltr'>expeditionem</span> <span class='ocrx_word' id='word_1_148' title='bbox 1577 2255 1944 2338; x_wconf 86' lang='lat' dir='ltr'>consignari</span> <span class='ocrx_word' id='word_1_149' title='bbox 1994 2256 2275 2335; x_wconf 75' lang='lat' dir='ltr'>fecimuS,</span> <span class='ocrx_word' id='word_1_150' title='bbox 2326 2255 2685 2321; x_wconf 87' lang='lat' dir='ltr'>uberiorem</span> <span class='ocrx_word' id='word_1_151' title='bbox 2716 2252 3103 2319; x_wconf 89' lang='lat' dir='ltr'>relationem</span> 
     </span>
     <span class='ocr_line' id='line_1_22' title="bbox 841 2343 3099 2429; baseline -0.001 -20"><span class='ocrx_word' id='word_1_152' title='bbox 841 2344 1052 2410; x_wconf 91' lang='lat' dir='ltr'>facere</span> <span class='ocrx_word' id='word_1_153' title='bbox 1083 2368 1211 2411; x_wconf 89' lang='lat' dir='ltr'>non</span> <span class='ocrx_word' id='word_1_154' title='bbox 1243 2351 1396 2410; x_wconf 88' lang='lat' dir='ltr'>sunt</span> <span class='ocrx_word' id='word_1_155' title='bbox 1423 2344 1876 2423; x_wconf 90' lang='lat' dir='ltr'>intermissuri,</span> <span class='ocrx_word' id='word_1_156' title='bbox 1927 2347 2011 2411; x_wconf 89' lang='lat' dir='ltr'>ad</span> <span class='ocrx_word' id='word_1_157' title='bbox 2061 2365 2222 2426; x_wconf 90' lang='lat' dir='ltr'>quos</span> <span class='ocrx_word' id='word_1_158' title='bbox 2270 2345 2412 2411; x_wconf 94' lang='lat' dir='ltr'>Nos</span> <span class='ocrx_word' id='word_1_159' title='bbox 2444 2366 2520 2411; x_wconf 90' lang='lat' dir='ltr'>ea</span> <span class='ocrx_word' id='word_1_160' title='bbox 2551 2347 2620 2410; x_wconf 94' lang='lat' dir='ltr'>in</span> <span class='ocrx_word' id='word_1_161' title='bbox 2649 2350 2839 2429; x_wconf 88' lang='lat' dir='ltr'>parte</span> <span class='ocrx_word' id='word_1_162' title='bbox 2876 2343 3099 2408; x_wconf 87' lang='lat' dir='ltr'>referi-</span> 
     </span>
     <span class='ocr_line' id='line_1_23' title="bbox 834 2434 3103 2521; baseline -0.001 -21"><span class='ocrx_word' id='word_1_163' title='bbox 834 2456 994 2501; x_wconf 91' lang='lat' dir='ltr'>mus.</span> <span class='ocrx_word' id='word_1_164' title='bbox 1057 2434 1410 2502; x_wconf 88' lang='lat' dir='ltr'>Serenitati</span> <span class='ocrx_word' id='word_1_165' title='bbox 1473 2442 1690 2501; x_wconf 90' lang='lat' dir='ltr'>autem</span> <span class='ocrx_word' id='word_1_166' title='bbox 1759 2435 2035 2503; x_wconf 90' lang='lat' dir='ltr'>Vestrae</span> <span class='ocrx_word' id='word_1_167' title='bbox 2068 2436 2135 2499; x_wconf 90' lang='lat' dir='ltr'>in</span> <span class='ocrx_word' id='word_1_168' title='bbox 2187 2437 2441 2521; x_wconf 91' lang='lat' dir='ltr'>reliquo</span> <span class='ocrx_word' id='word_1_169' title='bbox 2489 2456 2709 2501; x_wconf 91' lang='lat' dir='ltr'>rerum</span> <span class='ocrx_word' id='word_1_170' title='bbox 2757 2454 3103 2519; x_wconf 88' lang='lat' dir='ltr'>prosperos</span> 
     </span>
     <span class='ocr_line' id='line_1_24' title="bbox 835 2524 2489 2609; baseline 0 -19"><span class='ocrx_word' id='word_1_171' title='bbox 835 2546 1168 2591; x_wconf 90' lang='lat' dir='ltr'>successus</span> <span class='ocrx_word' id='word_1_172' title='bbox 1199 2548 1342 2593; x_wconf 89' lang='lat' dir='ltr'>cum</span> <span class='ocrx_word' id='word_1_173' title='bbox 1373 2524 1562 2591; x_wconf 90' lang='lat' dir='ltr'>firma</span> <span class='ocrx_word' id='word_1_174' title='bbox 1593 2526 1958 2592; x_wconf 89' lang='lat' dir='ltr'>valetudine</span> <span class='ocrx_word' id='word_1_175' title='bbox 1992 2547 2489 2609; x_wconf 89' lang='lat' dir='ltr'>comprecamur.</span> 
     </span>
    </p>

    <p class='ocr_par' dir='ltr' id='par_1_6' title="bbox 835 2613 3105 2792">
     <span class='ocr_line' id='line_1_25' title="bbox 1049 2613 3105 2684; baseline -0.002 -1"><span class='ocrx_word' id='word_1_176' title='bbox 1049 2616 1298 2684; x_wconf 88' lang='lat' dir='ltr'>Datum</span> <span class='ocrx_word' id='word_1_177' title='bbox 1376 2617 1442 2681; x_wconf 89' lang='lat' dir='ltr'>in</span> <span class='ocrx_word' id='word_1_178' title='bbox 1523 2614 1698 2682; x_wconf 89' lang='lat' dir='ltr'>Arce</span> <span class='ocrx_word' id='word_1_179' title='bbox 1764 2615 2013 2684; x_wconf 88' lang='lat' dir='ltr'>Nostra</span> <span class='ocrx_word' id='word_1_180' title='bbox 2072 2614 2545 2684; x_wconf 89' lang='lat' dir='ltr'>Archiduchali</span> <span class='ocrx_word' id='word_1_181' title='bbox 2608 2613 3105 2682; x_wconf 85' lang='lat' dir='ltr'>Neostadiensis</span> 
     </span>
     <span class='ocr_line' id='line_1_26' title="bbox 835 2703 2746 2792; baseline -0.001 -20"><span class='ocrx_word' id='word_1_182' title='bbox 835 2703 1165 2788; x_wconf 88' lang='lat' dir='ltr'>Austriae,</span> <span class='ocrx_word' id='word_1_183' title='bbox 1199 2707 1304 2773; x_wconf 91' lang='lat' dir='ltr'>die</span> <span class='ocrx_word' id='word_1_184' title='bbox 1336 2707 1619 2774; x_wconf 88' lang='lat' dir='ltr'>secunda</span> <span class='ocrx_word' id='word_1_185' title='bbox 1649 2710 1887 2774; x_wconf 87' lang='lat' dir='ltr'>mensis</span> <span class='ocrx_word' id='word_1_186' title='bbox 1920 2707 2318 2792; x_wconf 88' lang='lat' dir='ltr'>Septembris</span> <span class='ocrx_word' id='word_1_187' title='bbox 2350 2729 2519 2773; x_wconf 87' lang='lat' dir='ltr'>anno</span> <span class='ocrx_word' id='word_1_188' title='bbox 2554 2710 2746 2772; x_wconf 81' lang='lat'>1625.</span> 
     </span>
    </p>
   </div>
   <div class='ocr_carea' id='block_1_6' title="bbox 1729 2850 3105 3114">
    <p class='ocr_par' dir='ltr' id='par_1_7' title="bbox 1729 2850 3105 3114">
     <span class='ocr_line' id='line_1_27' title="bbox 2176 2850 2645 2916; baseline -0.004 0"><span class='ocrx_word' id='word_1_189' title='bbox 2176 2850 2645 2916; x_wconf 87' lang='lat' dir='ltr'>Ferdinandus.</span> 
     </span>
     <span class='ocr_line' id='line_1_28' title="bbox 1729 2937 3105 3025; baseline -0.004 -19"><span class='ocrx_word' id='word_1_190' title='bbox 1729 2939 2099 3025; x_wconf 89' lang='lat' dir='ltr'>Stephanus</span> <span class='ocrx_word' id='word_1_191' title='bbox 2130 2941 2427 3007; x_wconf 76' lang='lat' dir='ltr'>Heni-icii</span> <span class='ocrx_word' id='word_1_192' title='bbox 2457 2937 2801 3006; x_wconf 83' lang='lat' dir='ltr'>Generalis</span> <span class='ocrx_word' id='word_1_193' title='bbox 2832 2939 3105 3022; x_wconf 89' lang='lat' dir='ltr'>Episco-</span> 
     </span>
     <span class='ocr_line' id='line_1_29' title="bbox 2177 3031 2670 3114; baseline 0.002 -19"><span class='ocrx_word' id='word_1_194' title='bbox 2177 3053 2299 3114; x_wconf 92' lang='lat' dir='ltr'>pus</span> <span class='ocrx_word' id='word_1_195' title='bbox 2332 3031 2670 3098; x_wconf 88' lang='lat' dir='ltr'>Vaciensis</span> 
     </span>
    </p>
   </div>
   <div class='ocr_carea' id='block_1_7' title="bbox 1266 3121 2761 3296">
    <p class='ocr_par' dir='ltr' id='par_1_8' title="bbox 1266 3121 2761 3296">
     <span class='ocr_line' id='line_1_30' title="bbox 2082 3121 2761 3188; baseline -0.006 0"><span class='ocrx_word' id='word_1_196' title='bbox 2082 3121 2475 3188; x_wconf 87' lang='lat' dir='ltr'>Laurentius</span> <span class='ocrx_word' id='word_1_197' title='bbox 2506 3121 2761 3187; x_wconf 88' lang='lat' dir='ltr'>Feneus</span> 
     </span>
     <span class='ocr_line' id='line_1_31' title="bbox 1266 3207 1502 3296; baseline 0 -20"><span class='ocrx_word' id='word_1_198' title='bbox 1266 3207 1502 3296; x_wconf 81' lang='lat' dir='ltr'>(kivul)</span> 
     </span>
    </p>
   </div>
   <div class='ocr_carea' id='block_1_8' title="bbox 837 3351 3110 3702">
    <p class='ocr_par' dir='ltr' id='par_1_9' title="bbox 837 3351 3110 3702">
     <span class='ocr_line' id='line_1_32' title="bbox 1052 3351 3110 3439; baseline -0.001 -19"><span class='ocrx_word' id='word_1_199' title='bbox 1052 3353 1476 3420; x_wconf 87' lang='lat' dir='ltr'>Serenissimo</span> <span class='ocrx_word' id='word_1_200' title='bbox 1507 3355 1801 3439; x_wconf 89' lang='lat' dir='ltr'>Principi</span> <span class='ocrx_word' id='word_1_201' title='bbox 1832 3353 2129 3422; x_wconf 85' lang='lat' dir='ltr'>Gabrieli</span> <span class='ocrx_word' id='word_1_202' title='bbox 2180 3354 2366 3422; x_wconf 85' lang='lat' dir='ltr'>Sacri</span> <span class='ocrx_word' id='word_1_203' title='bbox 2398 3354 2679 3421; x_wconf 88' lang='lat' dir='ltr'>Romani</span> <span class='ocrx_word' id='word_1_204' title='bbox 2716 3351 2985 3436; x_wconf 90' lang='lat' dir='ltr'>Imperii</span> <span class='ocrx_word' id='word_1_205' title='bbox 3036 3359 3110 3418; x_wconf 90' lang='lat' dir='ltr'>et</span> 
     </span>
     <span class='ocr_line' id='line_1_33' title="bbox 839 3441 3107 3530; baseline -0.002 -20"><span class='ocrx_word' id='word_1_206' title='bbox 839 3443 1332 3510; x_wconf 78' lang='lat' dir='ltr'>Transilvaniae</span> <span class='ocrx_word' id='word_1_207' title='bbox 1363 3445 1674 3529; x_wconf 91' lang='lat' dir='ltr'>Principi,</span> <span class='ocrx_word' id='word_1_208' title='bbox 1709 3445 2113 3526; x_wconf 89' lang='lat' dir='ltr'>quarundam</span> <span class='ocrx_word' id='word_1_209' title='bbox 2148 3445 2431 3530; x_wconf 91' lang='lat' dir='ltr'>partium</span> <span class='ocrx_word' id='word_1_210' title='bbox 2464 3443 2677 3527; x_wconf 87' lang='lat' dir='ltr'>Regni</span> <span class='ocrx_word' id='word_1_211' title='bbox 2716 3441 3107 3525; x_wconf 86' lang='lat' dir='ltr'>Hungariae</span> 
     </span>
     <span class='ocr_line' id='line_1_34' title="bbox 837 3530 3107 3618; baseline -0.001 -20"><span class='ocrx_word' id='word_1_212' title='bbox 837 3533 1137 3612; x_wconf 89' lang='lat' dir='ltr'>Domino,</span> <span class='ocrx_word' id='word_1_213' title='bbox 1187 3542 1254 3600; x_wconf 91' lang='lat' dir='ltr'>et</span> <span class='ocrx_word' id='word_1_214' title='bbox 1303 3534 1669 3602; x_wconf 90' lang='lat' dir='ltr'>Siculorum</span> <span class='ocrx_word' id='word_1_215' title='bbox 1716 3536 1951 3614; x_wconf 91' lang='lat' dir='ltr'>comiti,</span> <span class='ocrx_word' id='word_1_216' title='bbox 1984 3556 2102 3600; x_wconf 93' lang='lat' dir='ltr'>nec</span> <span class='ocrx_word' id='word_1_217' title='bbox 2133 3557 2259 3600; x_wconf 92' lang='lat' dir='ltr'>non</span> <span class='ocrx_word' id='word_1_218' title='bbox 2292 3533 2583 3618; x_wconf 90' lang='lat' dir='ltr'>Opoliae,</span> <span class='ocrx_word' id='word_1_219' title='bbox 2617 3539 2684 3599; x_wconf 87' lang='lat' dir='ltr'>et</span> <span class='ocrx_word' id='word_1_220' title='bbox 2716 3530 3107 3599; x_wconf 87' lang='lat' dir='ltr'>Ratiboriae</span> 
     </span>
     <span class='ocr_line' id='line_1_35' title="bbox 839 3624 1644 3702; baseline 0.001 -13"><span class='ocrx_word' id='word_1_221' title='bbox 839 3624 1005 3702; x_wconf 91' lang='lat' dir='ltr'>duci,</span> <span class='ocrx_word' id='word_1_222' title='bbox 1037 3624 1220 3690; x_wconf 90' lang='lat' dir='ltr'>nobis</span> <span class='ocrx_word' id='word_1_223' title='bbox 1251 3624 1644 3690; x_wconf 63' lang='lat' dir='ltr'>honoranda</span> 
     </span>
    </p>
   </div>
   <div class='ocr_carea' id='block_1_9' title="bbox 841 3765 3105 3939">
    <p class='ocr_par' dir='ltr' id='par_1_10' title="bbox 841 3765 3105 3939">
     <span class='ocr_line' id='line_1_36' title="bbox 1053 3765 3105 3852; baseline 0 -21"><span class='ocrx_word' id='word_1_224' title='bbox 1053 3765 1354 3850; x_wconf 87' lang='lat' dir='ltr'>(Lettera</span> <span class='ocrx_word' id='word_1_225' title='bbox 1389 3769 1618 3833; x_wconf 86' lang='lat' dir='ltr'>scritta</span> <span class='ocrx_word' id='word_1_226' title='bbox 1638 3767 1793 3832; x_wconf 90' lang='lat' dir='ltr'>dall&#39;</span> <span class='ocrx_word' id='word_1_227' title='bbox 1826 3767 2197 3852; x_wconf 87' lang='lat' dir='ltr'>Imperator</span> <span class='ocrx_word' id='word_1_228' title='bbox 2229 3769 2295 3832; x_wconf 89' lang='lat' dir='ltr'>al</span> <span class='ocrx_word' id='word_1_229' title='bbox 2327 3768 2633 3851; x_wconf 88' lang='lat' dir='ltr'>Principe</span> <span class='ocrx_word' id='word_1_230' title='bbox 2666 3765 2893 3832; x_wconf 76' lang='lat' dir='ltr'>Gabor</span> <span class='ocrx_word' id='word_1_231' title='bbox 2923 3765 3105 3832; x_wconf 87' lang='lat' dir='ltr'>chia-</span> 
     </span>
     <span class='ocr_line' id='line_1_37' title="bbox 841 3855 1834 3939; baseline 0.002 -21"><span class='ocrx_word' id='word_1_232' title='bbox 841 3860 1019 3921; x_wconf 88' lang='lat' dir='ltr'>mata</span> <span class='ocrx_word' id='word_1_233' title='bbox 1051 3857 1116 3921; x_wconf 89' lang='lat' dir='ltr'>in</span> <span class='ocrx_word' id='word_1_234' title='bbox 1148 3856 1378 3923; x_wconf 89' lang='lat' dir='ltr'>lettere</span> <span class='ocrx_word' id='word_1_235' title='bbox 1411 3857 1490 3922; x_wconf 91' lang='lat' dir='ltr'>de</span> <span class='ocrx_word' id='word_1_236' title='bbox 1522 3880 1622 3923; x_wconf 93' lang='lat' dir='ltr'>no.</span> <span class='ocrx_word' id='word_1_237' title='bbox 1657 3855 1834 3939; x_wconf 81' lang='lat'>546).</span> 
     </span>
    </p>
   </div>
   <div class='ocr_carea' id='block_1_10' title="bbox 1537 4252 2410 4320">
    <p class='ocr_par' dir='ltr' id='par_1_11' title="bbox 1537 4252 2410 4320">
     <span class='ocr_line' id='line_1_38' title="bbox 1537 4252 2410 4320; baseline 0 -2"><span class='ocrx_word' id='word_1_238' title='bbox 1537 4257 1725 4320; x_wconf 81' lang='lat'>1625.</span> <span class='ocrx_word' id='word_1_239' title='bbox 1784 4252 2304 4319; x_wconf 91' lang='lat' dir='ltr'>deczember</span> <span class='ocrx_word' id='word_1_240' title='bbox 2354 4260 2410 4318; x_wconf 89' lang='lat'>1.</span> 
     </span>
    </p>
   </div>
   <div class='ocr_carea' id='block_1_11' title="bbox 841 4395 3115 4574">
    <p class='ocr_par' dir='ltr' id='par_1_12' title="bbox 841 4395 3115 4574">
     <span class='ocr_line' id='line_1_39' title="bbox 1057 4395 3115 4483; baseline 0.002 -20"><span class='ocrx_word' id='word_1_241' title='bbox 1057 4395 1477 4463; x_wconf 88' lang='lat' dir='ltr'>Serenissimo</span> <span class='ocrx_word' id='word_1_242' title='bbox 1523 4397 1827 4483; x_wconf 91' lang='lat' dir='ltr'>Principe</span> <span class='ocrx_word' id='word_1_243' title='bbox 1835 4447 2247 4462; x_wconf 94' lang='grc'><strong>......</strong></span> <span class='ocrx_word' id='word_1_244' title='bbox 2308 4398 2542 4466; x_wconf 89' lang='lat' dir='ltr'>Scrissi</span> <span class='ocrx_word' id='word_1_245' title='bbox 2571 4399 3115 4467; x_wconf 80' lang='lat' dir='ltr'>riverentemente</span> 
     </span>
     <span class='ocr_line' id='line_1_40' title="bbox 841 4485 3115 4574; baseline 0.003 -23"><span class='ocrx_word' id='word_1_246' title='bbox 841 4486 974 4551; x_wconf 90' lang='lat' dir='ltr'>alla</span> <span class='ocrx_word' id='word_1_247' title='bbox 1020 4485 1322 4553; x_wconf 76' lang='lat' dir='ltr'>Serenita</span> <span class='ocrx_word' id='word_1_248' title='bbox 1355 4488 1600 4555; x_wconf 88' lang='lat' dir='ltr'>Vostra</span> <span class='ocrx_word' id='word_1_249' title='bbox 1629 4487 1669 4553; x_wconf 92' lang='lat' dir='ltr'>l’</span> <span class='ocrx_word' id='word_1_250' title='bbox 1703 4488 2028 4555; x_wconf 89' lang='lat' dir='ltr'>ordinario</span> <span class='ocrx_word' id='word_1_251' title='bbox 2058 4495 2319 4574; x_wconf 89' lang='lat' dir='ltr'>passato</span> <span class='ocrx_word' id='word_1_252' title='bbox 2353 4489 2419 4554; x_wconf 91' lang='lat' dir='ltr'>di</span> <span class='ocrx_word' id='word_1_253' title='bbox 2450 4489 2649 4555; x_wconf 80' lang='lat' dir='ltr'>haver</span> <span class='ocrx_word' id='word_1_254' title='bbox 2680 4489 3010 4556; x_wconf 84' lang='lat' dir='ltr'>conforme</span> <span class='ocrx_word' id='word_1_255' title='bbox 3041 4495 3115 4560; x_wconf 85' lang='lat' dir='ltr'>al</span> 
     </span>
    </p>
   </div>
  </div>
 </body>
</html>
