3459 5300
1311 397 1498 452 1626.
1533 417 1658 452 aue.
1699 399 1752 452 7.
2578 401 2653 454 17

379 570 552 634 dere.
601 571 706 635 De
739 570 987 653 reliquo
1026 571 1240 652 ipsum
1271 569 1543 654 benigne
1593 571 1948 650 hortamur,
1981 578 2055 636 ut
2104 571 2309 636 modis
2360 572 2657 652 omnibus

381 662 735 743 impetrare
785 667 1070 740 conetur,
1101 681 1182 723 ne
1232 660 1600 743 aliquando,
1631 663 1684 726 si
1734 684 1951 726 rerum
1992 663 2277 746 gravitas
2310 670 2377 726 et
2408 664 2657 745 magni-

379 751 538 815 tudo
568 751 870 834 postulet,
903 773 982 816 ex
1014 747 1194 815 Aula
1215 757 1440 814 nostra
1471 752 1858 835 praecipuae
1878 753 2213 835 dignitatis
2245 753 2414 817 viros
2448 753 2657 820 Vene-

379 843 508 905 tias
554 841 878 923 ablegare,
910 841 954 906 ii
993 861 1110 924 per
1159 842 1630 906 contumaciam
1682 841 1933 925 legibus
1966 843 2390 908 strictissimis
2422 843 2653 908 hucus-

375 953 509 1014 que
539 931 963 1011 observatam,
995 932 1062 994 in
1103 933 1518 996 momentosis
1569 932 1919 1016 arduisque
1972 933 2242 1015 negotiis
2292 933 2401 996 diu
2456 940 2655 996 retar-

375 1021 616 1086 dentur
678 1029 876 1105 atque
923 1021 1374 1104 impediantur.
1428 1021 1680 1104 Quibus
1739 1023 2009 1088 eundem
2074 1025 2287 1087 valere
2339 1021 2657 1105 jubemuS,

377 1112 719 1194 eidemque
767 1111 1064 1178 affectum
1099 1117 1165 1174 et
1214 1110 1724 1178 benevolentiam
1756 1121 2043 1178 nostram
2102 1112 2275 1178 omni
2326 1113 2656 1180 occasione

375 1201 630 1284 prolixe
669 1202 1032 1267 deferimus.
1071 1201 1420 1266 Dabantur
1453 1203 1520 1266 in
1550 1201 1829 1268 Civitate
1860 1210 2083 1269 nostra
2130 1201 2299 1269 Alba
2335 1203 2523 1268 Julia
2554 1202 2659 1266 die

385 1296 442 1356 7.
477 1291 772 1376 Augusti
803 1314 971 1358 anno
1002 1291 1271 1356 Domini
1309 1295 1498 1356 1626.

1429 1381 1703 1447 Amicus
1738 1383 1974 1448 Vester
2004 1382 2208 1448 bonus

2277 1471 2567 1538 Gabriel.

600 1605 824 1660 Utoirat
893 1624 960 1662 az
1029 1605 1239 1662 alain-tis
1309 1605 1445 1661 utan
1533 1625 1566 1660 a
1615 1605 1755 1661 fenti
1818 1604 2077 1674 levetlhez,
2140 1605 2369 1678 egeszeu
2426 1605 2655 1660 Bethleu

368 1693 578 1749 Gaium·
612 1695 906 1766 sajatkezii
938 1697 1200 1753 irasaval.

597 1777 884 1844 Illustris
944 1779 1191 1858 ComeS,
1240 1780 1470 1844 merito
1519 1777 1759 1843 habere
1810 1779 2109 1862 querelas
2166 1780 2377 1861 justas
2429 1787 2653 1844 contra

367 1867 906 1933 Dominationem
938 1871 1246 1937 Vestram
1310 1891 1660 1953 possemne,
1710 1869 2015 1952 quoniam
2049 1889 2197 1934 raro
2247 1869 2428 1934 uobis
2482 1869 2653 1934 litte-

369 1979 486 2020 ras
520 1956 708 2024 datis.
741 1958 1057 2024 Amicitia
1090 1967 1304 2026 autem
1337 1960 1467 2023 ista
1497 1960 1769 2042 antiqua
1800 1959 1988 2040 longe
2044 1960 2353 2042 majorem
2386 1958 2653 2042 diligen-

367 2048 538 2111 tiam
571 2050 814 2131 requiri
847 2049 1189 2130 videretur,
1221 2049 1604 2134 praesertim
1643 2051 1711 2114 in
1752 2055 1928 2114 statu
1972 2048 2299 2128 modernO,
2330 2055 2403 2114 ut
2434 2049 2683 2114 Domi-.

369 2138 556 2201 natio
591 2136 724 2203 Sua
758 2160 872 2204 nos
911 2141 978 2203 in
1030 2140 1263 2205 litteris
1301 2139 1433 2204 suis
1482 2138 1560 2202 de
1595 2139 1890 2204 omnibus
1924 2139 2260 2205 certiorem
2310 2139 2559 2217 reddat,
2592 2147 2656 2203 et

367 2229 836 2310 synceritatem
885 2231 1076 2295 istam
1107 2252 1302 2313 quam
1351 2250 1506 2313 erga
1543 2251 1657 2294 nos
1691 2251 1943 2314 semper
1996 2228 2297 2294 utebatur
2330 2231 2397 2294 in
2444 2235 2655 2313 poste-

365 2339 525 2382 rum
557 2319 753 2384 etiam
785 2318 1096 2398 observet,
1130 2321 1332 2385 amice
1371 2321 1582 2402 ipsum
1621 2320 1919 2403 petimus.
1953 2318 2117 2384 Cum
2148 2319 2313 2384 bono
2363 2319 2507 2384 Deo
2539 2341 2653 2383 nos

357 2408 512 2490 jam
556 2407 695 2490 jam
745 2409 896 2475 hinc
945 2410 1353 2487 movebimus,
1401 2415 1470 2474 et
1518 2416 1785 2494 propter
1834 2409 2316 2474 confoederatos
2366 2415 2655 2474 extrema

367 2519 674 2580 quaeque
694 2505 948 2566 tentare
984 2522 1110 2566 non
1145 2499 1650 2566 formidabimus.
1691 2499 1890 2564 Modo
1912 2500 2147 2566 coeteri
2181 2521 2436 2583 quoque
2468 2499 2655 2564 Prin-

365 2589 554 2671 cipes
586 2587 812 2656 officiis
845 2591 976 2657 suis
1009 2591 1490 2672 satisfacerent3
1553 2591 1723 2656 inter
1757 2611 1916 2674 quos
1950 2589 2374 2659 Serenissima
2404 2589 2653 2674 Respu-

363 2678 550 2743 blica
581 2682 776 2745 etiam
795 2702 910 2765 per
929 2682 1456 2747 Dominationem
1467 2680 1777 2747 Vestram
1799 2682 2044 2747 faceret
2074 2702 2152 2746 ea
2182 2702 2347 2763 quae
2380 2702 2655 2747 commu-

365 2769 482 2833 nis
512 2790 711 2835 causa
749 2778 816 2836 et
863 2773 1149 2837 amicitia
1199 2771 1542 2857 conjuncta
1575 2771 1921 2855 expediret.
1975 2810 2051 2818 —
2088 2770 2215 2837 Sed
2270 2770 2433 2855 proh
2472 2770 2655 2837 dolor

373 2858 578 2942 longe
633 2862 840 2925 serius
871 2861 1056 2928 nobis
1088 2862 1168 2927 de
1197 2864 1342 2945 ipsa
1388 2862 1775 2927 referuntur.
1810 2860 2001 2927 Certe
2036 2862 2089 2927 si
2120 2862 2248 2926 isto
2298 2882 2469 2927 anno
2501 2883 2653 2944 quo-

365 2970 506 3032 que
539 2950 702 3015 nihil
735 2950 1090 3030 movebitiS,
1121 2952 1234 3018 sed
1284 2954 1484 3018 otiose
1534 2958 1833 3017 eventum
1884 2952 2359 3036 expeditionum
2408 2956 2653 3016 nostra-

363 3060 526 3103 rum
575 3042 1021 3124 expectabitiS,
1075 3043 1492 3107 metuendum
1557 3041 1729 3126 quod
1776 3041 2155 3107 secundario
2202 3063 2331 3106 non
2383 3040 2655 3124 affulget

361 3127 564 3195 nobis
595 3132 940 3197 aureaista
965 3133 1232 3212 occasi0,
1251 3133 1364 3197 sed
1383 3138 1456 3197 ut
1475 3132 1608 3211 fiat,
1627 3154 1745 3197 nos
1777 3138 2148 3197 constanter
2178 3152 2557 3215 permanere
2590 3139 2655 3195 et

361 3221 710 3303 promissis
742 3244 862 3306 pro
891 3223 1134 3289 viribus
1184 3222 1558 3288 satisfacere
1610 3223 2066 3289 contendemus
2117 3228 2185 3286 et
2234 3220 2653 3297 studebimus,

364 3311 534 3393 quia
584 3313 952 3378 constantia
1001 3314 1186 3379 decet
1253 3314 1422 3379 viros
1470 3312 1787 3379 honestos
1831 3312 2069 3379 Valete
2137 3312 2227 3375 mi
2275 3310 2525 3388 Amice,
2591 3316 2654 3375 et

363 3400 586 3465 nostri
617 3422 931 3469 memores
965 3410 1184 3469 estote.

597 3518 650 3569 A
681 3527 822 3589 teo-90
845 3539 863 3575 .·
912 3519 1222 3575 Perillustri
1273 3518 1476 3573 Comiti
1527 3520 1804 3574 Matthiae
1856 3518 2095 3571 licurico
2146 3517 2214 3571 de
2252 3516 2419 3571 Turri
2451 3516 2533 3571 L:
2567 3516 2651 3571 B:

361 3606 572 3661 Crucis
623 3613 678 3661 et
709 3608 890 3665 Vallis
921 3608 1200 3681 Sussinae,
1246 3609 1445 3664 Veneti
1478 3610 1769 3665 Exercitus
1801 3608 2015 3679 Legato
2067 3624 2321 3677 supremo
2372 3613 2426 3661 et
2476 3606 2651 3661 Gene-

363 3698 499 3765 rali,
536 3702 590 3751 et
623 3697 796 3766 Nobis
831 3706 992 3771 grate
1031 3700 1249 3755 dilecto.

1359 3836 1495 3841 ——.
1516 3834 1676 3841 -—-—-—

1414 3958 1616 4029 XVI.

1233 4090 1424 4155 1626.
1472 4108 1652 4170 aug.
1706 4090 1807 4150 12.

1139 4214 1198 4279 A
1245 4214 1522 4301 spalatdi
1567 4214 1884 4276 comeshez.

596 4358 868 4427 Gabriel
899 4360 1029 4425 Dei
1067 4356 1307 4425 Gratia
1357 4358 1542 4424 Sacri
1592 4357 1873 4422 Romani
1924 4356 2195 4439 Imperii
2246 4360 2310 4420 et
2362 4354 2648 4420 Transil-

363 4452 608 4517 vaniae
627 4452 956 4533 PrincepS,
975 4451 1262 4535 partium
1285 4449 1498 4531 Regni
1519 4447 1903 4530 Hungariae
1924 4447 2259 4523 DominuS,
2284 4443 2645 4510 Siculorum

365 4542 612 4607 eomes
646 4562 721 4607 ac
751 4540 1034 4629 Oppnlie
1069 4548 1132 4605 ct
1165 4538 1544 4605 Ratiboriae
1577 4538 1751 4601 Dux.

471 4678 718 4713 Bss‘runssx
753 4678 803 4711 G.
843 4676 1091 4711 navem-21.
