3459 5300
1253 337 1418 392 1623
1454 341 1569 392 σύι.
1605 337 1706 392 26.
2578 336 2611 387 9

561 508 888 576 Generose
924 509 1106 576 nobis
1140 515 1339 593 grate.
1390 509 1710 575 Redditae
1761 517 1911 574 sunt
1946 509 2128 576 nobis
2180 509 2405 573 literae-
2457 507 2617 572 eius-

349 603 508 682 dem,
541 600 776 683 quibus
810 601 1192 678 sciscitatur,
1225 621 1306 666 an
1360 600 1759 666 concreditas
1792 600 1915 664 sibi
1949 623 2024 664 ac
2066 599 2250 664 nobis
2284 599 2366 663 ab
2398 598 2621 664 eadem

349 692 760 758 transmissas
783 692 1213 774 acceperimus
1235 690 1560 774 epistolas.
1583 691 1974 774 Pergratum
1996 691 2116 756 hoc
2142 689 2425 754 eiusdem
2446 689 2622 752 obse-

349 781 599 865 quendo
633 779 922 846 studium
961 781 1144 845 nobis
1179 781 1320 858 fuit,
1371 780 1542 864 quod
1576 786 1650 844 ut
1683 781 1879 846 etiam
1930 780 2231 864 deinceps
2274 780 2621 857 continuet,

349 871 616 937 eandem
649 871 1002 951 hortamur,
1033 871 1208 936 hisce
1249 871 1594 936 clementer
1645 871 2036 949 intimanteS,
2066 870 2249 935 n'obis
2282 869 2365 935 ab
2398 869 2623 934 eadem

349 962 626 1027 directas
660 983 798 1026 esse
830 960 1108 1026 fideliter
1140 962 1520 1044 assignatas.
1553 960 1785 1043 Neque
1814 961 2217 1044 ambigimus,
2240 961 2393 1043 quin
2428 960 2623 1024 etiam

347 1053 746 1136 inposterum
781 1051 834 1116 si
871 1073 1037 1133 quae
1071 1051 1278 1116 eidem
1309 1050 1547 1115 fuerint
1599 1051 2005 1116 concreditae
2038 1051 2221 1116 nobis
2254 1049 2622 1126 mittendae,

348 1143 571 1208 eadem
628 1163 697 1206 se
748 1142 1130 1206 dexteritate
1165 1141 1713 1206 transmissurum.
1766 1139 1889 1207 Oui
1932 1147 2220 1206 nostram
2272 1141 2325 1205 si
2376 1162 2507 1224 qua
2558 1140 2622 1203 in

347 1255 414 1298 re
446 1231 925 1298 desiderabitur
957 1231 1428 1314 benignitatem
1481 1232 1761 1313 gratiose
1826 1231 2170 1310 offerimus,
2228 1253 2303 1296 ac
2354 1231 2625 1295 feliciter

347 1324 618 1388 eandem
650 1323 863 1387 valere
913 1328 1234 1406 optamus.
1265 1321 1515 1387 Datum
1547 1322 1613 1386 in
1647 1319 1927 1387 Civitate
1977 1329 2199 1388 nostra
2230 1319 2408 1386 Alba
2438 1321 2489 1385 J
2491 1320 2625 1385 ulia

346 1413 444 1479 die
485 1419 540 1478 7.
569 1411 738 1495 junii
770 1433 937 1478 anno
973 1417 1166 1477 1623.

2246 1501 2534 1568 Gabriel.

565 1621 612 1672 A
653 1629 794 1690 tayo
815 1641 832 1672 :
884 1618 1165 1674 Generoso
1213 1617 1406 1672 Marco
1437 1605 1703 1672 'Antonio
1754 1617 2035 1672 Vellutelli
2088 1617 2333 1689 Spalatri
2386 1635 2617 1673 commo-

346 1709 492 1764 ranti
527 1709 703 1765 Nobis
735 1715 911 1781 grato.

978 1797 1300 1870 (Fejedehni
1341 1793 1602 1868 pccse'ttel
1644 1793 1992 1868 pecsetelve.)

1403 2169 1565 2235 VII.

1163 2319 1350 2378 1623.
1392 2312 1686 2396 julius
1737 2318 1839 2377 26.

1127 2459 1182 2521 ,l
1237 2457 1540 2522 velenczec‘
1584 2458 1881 2544 ‹lofflssmeka

569 2619 994 2687 Serenissime
1029 2620 1375 2707 Princeps!
1411 2622 1737 2688 Mittimus
1761 2621 1842 2687 ad
1872 2621 2172 2688 Vestram
2197 2621 2625 2688 Serenitatmn

357 2712 806 2797 inclytamque
855 2710 1108 2775 Eamm
1145 2713 1658 2795 Rempublicam,
1707 2713 1773 2777 in
1824 2713 2043 2777 arduis
2096 2712 2373 2796 negociis
2424 2715 2628 2795 Egre-

349 2804 528 2883 gium
556 2801 958 2885 Stephanum
978 2802 1318 2879 Hattvani,
1341 2802 1771 2869 Salisfodinae
1793 2809 2055 2868 nostrae-
2077 2804 2409 2868 Desit-usis
2439 2804 2627 2869 Prae-

348 2893 614 2967 fectum,
646 2892 1142 2957 Internuncium
1165 2898 1472 2969 nostrum,
1506 2894 1617 2975 qui
1649 2901 1723 2957 ut
1756 2900 1997 2976 quanto
2020 2892 2289 2959 celerius
2322 2894 2628 2959 mandata

345 2990 576 3048 nostra
609 2983 839 3065 exequi
871 2983 1094 3066 possit,
1125 2985 1223 3048 uti
1258 3005 1290 3047 e
1325 3006 1392 3048 re
1431 2990 1857 3066 utrorumque
1888 3004 2119 3067 operae
2153 2985 2437 3067 precium
2487 3006 2627 3047 esse

348 3073 786 3137 arbitramur:
836 3073 930 3137 ita
962 3070 1175 3139 Sertem
1221 3073 1385 3141 V¹³¹⁵uun
1429 3080 1724 3157 rogatam
1756 3074 2065 3154 volumus,
2101 3079 2173 3137 ut
2206 3074 2360 3156 quia
2393 3098 2426 3137 e
2473 3074 2628 3139 locis

348 3163 672 3229 ditionum
720 3168 1086 3227 nostrarum
1126 3162 1489 3227 salubribus
1537 3162 1982 3247 proficiscitur,
2015 3186 2093 3227 ne
2145 3164 2321 3228 ultra
2371 3164 2626 3229 modum

350 3253 412 3317 in
446 3254 592 3319 loco
643 3253 944 3318 vitandae
995 3253 1164 3337 pesti
1202 3253 1523 3318 destinato
1579 3275 1723 3318 cum
1774 3253 1894 3317 sibi
1946 3253 2265 3335 adjunctis
2316 3254 2629 3333 detentus,

349 3344 598 3409 frustra
659 3348 913 3426 tempus
965 3344 1286 3408 insumere
1353 3350 1620 3427 cogatur
1671 3366 1817 3409 cum
1883 3345 2053 3408 omni
2110 3344 2303 3407 eitam
2356 3343 2628 3427 alicujus

351 3432 756 3515 contagionis
791 3434 1152 3517 suspicione
1184 3433 1334 3497 hinc
1367 3434 1690 3516 profectus
1748 3456 1891 3498 cum
1942 3434 2074 3498 suis
2124 3435 2355 3498 merito
2406 3485 2417 3497 .
2450 3487 2461 3497 .
2495 3458 2628 3498 .er‹·.

351 3520 753 3606 (kiszakadt)
788 3522 1036 3587 debeat.
1071 3521 1260 3606 Quod
1293 3524 1486 3588 officii
1519 3543 1718 3605 genus
1768 3546 1909 3588 cum
1962 3523 2142 3588 nobis
2192 3525 2631 3605 gratissimum

351 3614 452 3679 sit.
511 3613 607 3677 ita
653 3613 775 3677 hoc
825 3620 1125 3697 respectu
1171 3634 1482 3695 personae
1535 3619 1792 3677 nostrae
1846 3614 2055 3680 Set-‘0¹¹¹
2110 3614 2267 3679 ΨΜ)
2311 3615 2629 3681 facturam

353 3703 516 3769 nihil
551 3702 940 3768 dubitamus.
973 3702 1186 3785 Quam
1219 3703 1297 3767 de
1331 3711 1584 3767 coetero
1617 3702 1870 3768 divinae
1906 3703 2287 3786 protectioni
2320 3726 2397 3768 ex
2418 3706 2630 3769 animo

353 3792 894 3859 commendamus.
927 3794 1182 3858 Datum
1214 3794 1280 3858 in
1320 3792 1598 3859 Civitate
1649 3800 1872 3859 nostra
1904 3792 2083 3859 Alba
2136 3793 2185 3857 J
2190 3796 2323 3859 ulia
2373 3794 2474 3858 die
2526 3802 2629 3859 26.

351 3882 402 3947 J
405 3882 524 3947 ulii
583 3905 754 3947 anno
781 3883 1047 3948 Domini
1086 3888 1275 3948 1623.
1309 3882 1622 3965 Ejusdem
1657 3882 2041 3949 Serenitatis
2078 3884 2273 3953 V‘rae.

1853 3974 2215 4040 Benevolus
2250 3973 2537 4041 Gabriel.

576 4112 625 4160 A
658 4118 800 4178 teo-9⁰
822 4128 840 4160 .·
891 4104 1063 4161 Ser¹¹¹⁰
1095 4106 1340 4176 Principi
1390 4108 1461 4160 D.
1503 4106 1747 4161 Antonio
1778 4108 1955 4161 Priuli
1987 4108 2092 4162 Dei
2127 4108 2329 4163 Gratia
2379 4108 2629 4179 Inclytae

359 4195 534 4252 Urbis
569 4202 624 4252 et
657 4197 1019 4268 Reipublicae
1053 4196 1408 4251 Vener-iarum
1441 4197 1584 4252 Duci
1620 4201 1722 4251 etc.
1758 4198 2095 4268 dignissimo.

965 4318 1040 4392 (A
1072 4323 1349 4394 fejedelmi
1383 4322 1644 4395 pecse'ttel
1683 4320 2035 4395 peese'telve.)
