3459 5300
1057 329 1086 383 1
1099 327 1134 382 6
1146 328 1246 384 26.
1269 331 1538 384 1111611101
1569 334 1933 386 σειηκτὲεεκ.
2496 331 2569 384 19
2588 329 2608 384 1

568 501 917 566 Dominam
950 501 1229 566 Bodiani
1261 501 1564 580 Viduam,
1597 521 1819 566 versus
1852 501 2142 587 Styriam
2164 509 2226 568 et
2249 504 2615 568 inferiorem

374 591 696 658 Austriam
727 591 858 657 suis
890 591 1132 657 viribus
1165 592 1327 657 nihil
1359 593 1893 658 intermissuram.

565 721 810 804 Regem
842 717 1218 786 Gabrielem
1250 741 1396 786 cum
1436 721 1869 786 selectissimis
1894 721 2094 804 'copiis
2129 721 2615 806 Hungarorum,

371 810 572 876 liberis
602 811 1014 876 Haidonibus
1045 817 1110 876 et
1161 809 1395 876 Siculis
1446 813 1513 875 in
1564 810 1867 876 Silesiam
1918 833 2057 876 sese
2107 813 2501 878 directurum
2552 819 2619 882 et

367 900 708 982 conjunctis
769 924 912 967 cum
963 903 1145 984 Rege
1208 900 1471 967 Suetiae
1522 900 1783 978 viribus,
1835 901 2105 967 eundem
2156 903 2483 983 Ducatum
2534 904 2618 968 ad

366 991 782 1056 obedientiam
813 998 878 1058 et
907 991 1310 1057 devotionem
1342 991 1544 1075 Regis
1578 989 1899 1057 Friderici
1933 1013 2071 1058 esse
2120 995 2617 1078 compulsurum.

567 1135 910 1203 Ooeterum
944 1159 1089 1203 cum
1143 1137 1556 1203 manifestum
1587 1138 1673 1203 sit
1722 1139 2005 1204 Polonos
2055 1141 2307 1222 magnis
2358 1139 2613 1222 expedi-

361 1228 632 1294 tionibus
663 1228 732 1292 in
763 1228 1100 1312 procinctu
1131 1249 1286 1309 esse,
1321 1249 1526 1312 quare
1577 1229 1993 1311 sequentibus
2044 1229 2289 1308 mediiS,
2338 1235 2411 1294 ut
2460 1230 2617 1313 ipsis

359 1317 600 1384 obviam
634 1318 1038 1403 procedatur,
1098 1320 1191 1383 ita
1242 1319 1662 1386 constitutum
1715 1325 1813 1383 est
1862 1325 1927 1384 et
1976 1319 2361 1385 conclusum.
2394 1319 2617 1384 Primo

363 1409 602 1493 Regem
635 1408 920 1488 Sveciae‚
951 1408 1264 1475 Livoniae
1296 1407 1592 1474 Ducatus
1624 1411 1907 1474 omnium
1960 1431 2177 1476 rerum
2228 1411 2618 1476 necessaria-

359 1521 494 1566 rum
561 1500 909 1566 maximam
979 1522 1198 1566 curam
1268 1500 1588 1580 habuisse,
1656 1500 1723 1564 in
1792 1499 2191 1566 Lithuaniae
2258 1500 2615 1567 Castellum

359 1589 588 1656 Birzen
619 1591 780 1656 satis
831 1612 1151 1676 superque
1201 1592 1540 1667 munitum,
1579 1591 1646 1654 in
1698 1587 2057 1656 Gurlandia
2105 1612 2253 1656 vero
2304 1591 2617 1672 Poucsk0‚

361 1681 619 1746 maximi
649 1682 953 1746 momenti
987 1680 1196 1746 locum
1229 1681 1569 1764 praesidiis
1620 1680 2035 1746 validissimis
2085 1679 2411 1747 firmatum
2462 1703 2618 1761 esse,

362 1770 451 1835 ita
483 1776 554 1836 ut
584 1772 870 1837 omnium
901 1773 1172 1838 istorum
1203 1771 1490 1836 locorum
1524 1777 1824 1854 satagent
1854 1770 2103 1836 Poloni.
2400 1789 2429 1804 r

565 1916 883 2000 Magnum
913 1915 1282 1982 Moscoviae
1314 1915 1558 1982 Ducem
1595 1915 1893 1999 precibus
1926 1916 2128 2000 Regis
2160 1914 2430 1982 Sueciae
2462 1916 2618 1982 alio-

363 2027 622 2090 rumque
645 2011 884 2084 30‚000
905 2007 1412 2072 Moscovitorum
1444 2009 1512 2071 in
1544 2005 1947 2092 expeditione
1980 2026 2203 2072 versus
2236 2006 2614 2073 Smolensko

367 2116 511 2176 esse,
543 2096 848 2162 adversus
881 2117 1041 2179 quos
1072 2102 1212 2162 tota
1243 2097 1554 2162 Lituania
1586 2117 1770 2162 arma
1800 2097 2093 2182 arripere
2124 2104 2406 2180 cogetur.

565 2240 648 2305 In
709 2239 1026 2323 superiori
1088 2240 1436 2324 Hungaria
1486 2263 1703 2306 versus
1756 2240 2155 2307 Moldaviam
2205 2239 2613 2307 firmissimae

365 2329 797 2416 expeditiones
834 2329 1147 2396 militares
1181 2330 1763 2415 praeparabuntur,
1797 2333 1967 2414 quod
1999 2332 2265 2397 Polonis
2298 2352 2424 2397 non
2472 2353 2618 2416 gra-

363 2421 674 2486 tissimum
706 2422 848 2500 erit,
879 2442 1024 2486 cum
1056 2420 1372 2486 delectam
1404 2428 1504 2488 tot
1535 2421 1789 2505 Regum
1825 2430 1888 2487 et
1918 2423 2282 2508 principum
2304 2429 2615 2506 tanquam

364 2511 760 2577 inimicorum
810 2511 1023 2594 Regni
1073 2511 1386 2594 Poloniae
1448 2513 1963 2596 conjunctionem
2010 2513 2287 2578 maxime
2336 2533 2486 2578 vero
2537 2534 2614 2577 ex

361 2601 584 2668 Silaeia
614 2623 836 2667 versus
869 2600 1247 2669 cracoviam
1278 2601 1526 2687 aliquid
1559 2603 1774 2669 moliri
1806 2605 2233 2688 cognoverint.

564 2749 940 2833 Principem
1003 2750 1430 2815 Tartarorum
1493 2771 1640 2814 cum
1702 2754 1941 2828 80‚000
2006 2752 2335 2817 hominum
2396 2773 2616 2817 versus

360 2840 690 2905 Podoliam
741 2862 880 2906 esse
929 2846 1392 2924 perrecturum,
1444 2847 1787 2923 castraque
1836 2862 1955 2906 sua
2015 2863 2215 2927 prope
2278 2842 2614 2907 castellum

364 2930 612 3013 Tegene
666 2929 1028 2996 Turcarum
1089 2930 1485 3014 Imperatori
1549 2929 1908 3013 subjectum
1970 2932 2055 2997 ad
2116 2932 2353 2997 flumen
2390 2931 2619 2999 Nister

363 3021 547 3085 situm
596 3026 1009 3100 metaturum,
1059 3022 1230 3086 unde
1280 3021 1602 3086 continuis
1655 3020 2128 3107 irruptionibus
2160 3022 2500 3088 Podoliam
2549 3044 2616 3087 se

365 3108 766 3192 afflicturum,
814 3111 1137 3177 interdum
1188 3117 1418 3177 cuncto
1469 3111 1755 3177 exercitu
1802 3113 2230 3197 irruptionem
2291 3113 2615 3177 facturum

369 3222 526 3267 esse:
557 3202 674 3267 Ita
704 3208 778 3266 ut
806 3202 886 3267 iis
918 3202 986 3266 in
1017 3201 1176 3267 locis
1205 3201 1472 3268 Polonis
1503 3208 1720 3268 castra
1750 3202 2027 3269 formata
2058 3204 2269 3269 facere
2319 3204 2620 3287 expediat

371 3312 526 3373 quae
551 3291 968 3358 excubiarum
998 3294 1218 3375 gratia
1249 3298 1510 3369 metata,
1531 3292 1612 3357 ab
1645 3291 1947 3376 Augusto
1980 3293 2064 3359 ad
2094 3293 2287 3359 finem
2325 3294 2616 3378 Septem-

373 3380 490 3447 bris
521 3402 722 3467 usque
752 3388 1066 3466 cogantur
1095 3404 1492 3466 permanere.

573 3529 780 3593 Porro
811 3527 1306 3593 Serenissimum
1355 3529 1600 3612 Regem
1635 3525 1909 3594 Gabriel
1942 3530 2067 3593 tria
2099 3549 2138 3592 a
2189 3526 2385 3594 Serm
2416 3526 2619 3613 361)ωδ

383 3624 608 3697 petere:
642 3616 839 3683 Serum
859 3617 1220 3702 Republica
1250 3617 1408 3683 velit
1431 3640 1576 3685 cum
1599 3617 1736 3685 Sua
1755 3617 2106 3701 Majestate
2125 3616 2427 3684 benevole
2452 3640 2617 3684 com-

385 3708 681 3773 municare
704 3728 834 3791 qua
855 3710 1121 3786 ratione,
1143 3729 1270 3792 quo
1301 3715 1606 3792 tempore,
1638 3715 1702 3773 et
1735 3730 1860 3791 quo
1892 3708 2030 3773 loco
2062 3709 2425 3774 contrariae
2444 3709 2618 3792 parti

391 3794 608 3862 obviam
637 3798 983 3883 procedere
1035 3805 1231 3882 atque
1269 3798 1692 3864 diversionem
1744 3799 2069 3884 quandam
2119 3798 2331 3863 moliri
2381 3798 2616 3863 delibe-

392 3890 616 3953 raverit.

574 3976 928 4045 Declarare
959 3980 1130 4057 velit,
1162 4000 1291 4063 quo
1322 3986 1510 4064 pacto
1546 3980 1714 4044 hanc
1733 3980 2166 4065 maximopere
2188 3980 2613 4045 necessariam

397 4066 827 4147 expeditionem
859 4068 1206 4134 militarem
1239 4091 1609 4154 promovere
1641 4070 1954 4135 inclinata
1985 4076 2167 4135 esset.

577 4210 792 4279 Seren.
845 4212 1098 4298 Repub.
1158 4213 1392 4279 Utrum
1444 4214 1616 4280 Suae
1664 4214 2005 4297 Majestati
2042 4213 2359 4297 singulari
2392 4214 2517 4279 hac
2547 4214 2613 4278 in

404 4305 556 4377 parte
582 4302 1018 4369 demonstrat-a
1059 4304 1343 4370 amicitia
1392 4308 1632 4387 40‚000
1685 4303 2041 4369 talerorum
2077 4304 2526 4389 Imperialium
2576 4327 2615 4368 a

408 4382 846 4460 Oonfoederatis
884 4394 1056 4460 Suae
1106 4393 1442 4478 Majestati
1502 4396 1889 4459 mensuatim
1951 4395 2259 4477 deputata
2321 4394 2614 4463 Venetiis

413 4476 616 4561 collybo
642 4484 882 4550 Albam
913 4484 1230 4568 Regale-m
1262 4506 1490 4549 curare
1520 4484 1688 4549 velit.
