3459 5300
853 310 886 362 6
897 309 932 361 Ο
943 308 977 361 8
1383 309 1412 360 1
1427 309 1458 361 6
1470 308 1503 360 2
1515 306 1570 364 5.
1609 327 1907 363 vmaemczm
1946 316 2197 361 xovm-mt
2230 314 2575 362 Jnnnsrsssm.

871 642 877 647 -
915 604 1174 676 Bethlen
1217 603 1425 675 Gabar
1459 604 1660 675 levale
1693 622 1736 674 a
1768 604 2333 693 kunstantiniipoiyi
2367 602 2689 673 velenczei
2724 602 3047 673 kiivethez.

1066 786 1336 855 Gabriel
1355 788 1481 852 Dei
1502 787 1714 871 gratia
1737 787 1926 853 Sacri
1948 786 2227 853 Romani
2248 786 2517 869 Imperii
2538 791 2602 851 et
2622 787 3113 852 Trausssvaniae

852 880 1164 963 Princeps
1196 880 1484 962 partium
1515 877 1728 961 Regni
1762 878 2143 961 Hungariae
2175 877 2347 955 DuX,
2369 874 2736 942 Siculorum
2766 877 2995 945 Comes
3036 896 3113 941 ac

851 968 1124 1055 Opoliae
1157 968 1584 1051 Ratiborique
1625 967 1797 1035 Dux,

1219 1166 1666 1233 Illustrissime
1699 1188 1775 1233 ac
1806 1164 2155 1251 Magnifice
2194 1166 2378 1234 nobis
2407 1167 2727 1234 benevole.

1067 1328 1472 1396 Generosum
1501 1330 1785 1395 Paulum
1836 1328 2259 1415 Keresztessy‘
2307 1330 2385 1395 de
2435 1328 2913 1413 Nagi-Megyer
2964 1326 3115 1391 fide-

851 1421 980 1487 lem
1011 1420 1196 1486 nobis
1229 1422 1474 1485 sincere
1513 1419 1830 1485 dilectum.
1853 1419 2219 1503 delegatum
2266 1425 2559 1486 nostrum
2612 1420 2807 1484 certis
2856 1417 3119 1501 quibus-

853 1512 1002 1577 dam
1035 1512 1309 1595 negotiis
1348 1511 1582 1575 nostris
1616 1508 1700 1574 ad
1741 1509 2053 1593 fulgidam
2104 1510 2466 1577 'furcarum
2500 1509 2925 1593 Imperatoris
2956 1507 3115 1573 Por·

853 1608 988 1667 tam
1019 1601 1481 1685 ablegauimu8‚
1501 1600 1724 1683 illique
1756 1600 1823 1664 in
1858 1600 2207 1665 commissis
2240 1601 2547 1674 dedimus,
2580 1604 2655 1664 ut
2684 1598 2950 1665 eandem
2986 1620 3117 1662 non

854 1692 1062 1758 solum
1095 1696 1316 1756 nostro
1348 1690 1627 1756 officiose
1667 1690 1910 1755 salutet
1935 1693 2233 1783 momine,
2264 1712 2483 1755 verum
2518 1691 2713 1755 etiam
2747 1688 3117 1753 concredita

855 1781 974 1847 sibi
1009 1782 1296 1847 studiose
1327 1781 1584 1863 referat,
1618 1787 1683 1845 et
1713 1788 2180 1846 commemoret.
2264 1780 2683 1865 Quapropter
2714 1780 2979 1845 eandem
3014 1800 3117 1842 ex-

858 1873 1166 1953 quisitam
1206 1872 1540 1954 voluimus,
1574 1877 1648 1935 ut
1676 1869 2067 1953 prelibatum
2098 1870 2491 1955 Delegatum
2524 1876 2835 1945 nostrum,
2868 1876 2935 1933 et
2965 1867 3121 1933 libe·

855 1962 982 2027 rali
1012 1961 1222 2026 fronte
1257 1963 1552 2045 excipiat,
1585 1967 1651 2025 et
1680 1961 1902 2026 relatis
1936 1959 2073 2043 ejus
2122 1961 2315 2027 fidem
2347 1961 2669 2043 adhibeat,
2702 1968 2765 2025 et
2796 1961 2862 2024 in
2894 1966 3123 2024 mutua

857 2057 1083 2117 nostra
1113 2051 1555 2118 coniunctione
1588 2057 2019 2117 consenescat.
2082 2052 2173 2116 Et
2220 2052 2299 2116 de
2338 2058 2550 2116 cetero
2586 2051 2849 2133 benigni
2883 2049 3122 2114 favoris

857 2144 1065 2208 nostri
1113 2141 1400 2226 symbola
1431 2140 1777 2217 offerimus,
1840 2147 1905 2205 et
1966 2162 2217 2207 omnem
2279 2142 2771 2226 prosperitatem
2836 2160 3122 2223 compre·

859 2255 1099 2299 camur.

1073 2322 1321 2388 Datum
1370 2324 1437 2386 in
1485 2319 1663 2387 Arce
1715 2327 1936 2387 nostra
1967 2321 2385 2389 Waradiensi
2419 2321 2521 2387 die
2580 2326 2663 2385 20
2718 2318 3123 2404 Septembris

857 2410 1056 2479 Anno
1087 2412 1353 2478 Domini
1393 2414 1581 2477 1625.

1525 2518 2019 2585 Illustrissimae
2040 2519 2520 2587 Dominationis
2539 2518 2817 2589 Vestrae
2847 2515 3125 2583 Amicus

2221 2628 2512 2698 Gabriel.

1834 2777 2153 2784 ..ψ-ᾑ-

1563 2958 1753 3021 1625.
1800 2953 2320 3020 deczember
2371 2958 2425 3020 1.

1079 3095 1498 3164 Serenissimo
1530 3097 1839 3182 Principe
1845 3145 2171 3164 ......
2217 3097 2294 3162 L’
2326 3095 2758 3164 Ambassator
2804 3094 2908 3162 del
2938 3096 3129 3162 Prin-

864 3189 1004 3270 cipe
1037 3185 1263 3254 Gfitbor
1296 3209 1335 3251 a
1369 3191 1455 3251 24
1485 3185 1588 3250 del
1619 3194 1883 3269 passato
1913 3187 2097 3253 bacio
2152 3189 2211 3252 le
2258 3188 2431 3252 mani
2480 3209 2519 3252 a
2568 3186 2703 3253 Sua
2736 3187 3011 3264 Maesti,
3045 3188 3128 3251 ri-

864 3283 1088 3343 cevuto
1147 3283 1214 3343 et
1272 3277 1695 3343 banchettato
1749 3279 1817 3344 in
1866 3278 2124 3344 Divano
2173 3299 2350 3343 come
2381 3274 2813 3344 Ambassator
2852 3277 2917 3342 di
2958 3283 3131 3342 testa

865 3373 1189 3433 coronata.
1251 3367 1511 3436 Vestito
1560 3388 1677 3433 con
1729 3369 1812 3432 13
1878 3368 1956 3434 de
2021 3368 2178 3451 suoi,
2229 3375 2295 3433 et
2344 3389 2463 3434 con
2526 3365 2802 3434 Sulficar
2834 3376 2898 3432 et
2928 3367 2979 3432 J
2982 3365 3141 3432 usus

863 3454 1018 3541 Age
1048 3463 1305 3523 tornato
1338 3477 1498 3532 3000,
1529 3458 1829 3539 presenti)
1864 3459 1971 3524 nel
2013 3459 2268 3524 Divano
2303 3462 2385 3522 30
2417 3458 2605 3524 borse
2637 3459 2701 3522 di
2734 3459 2979 3524 [Pallori
3010 3478 3133 3540 per

864 3547 932 3612 la
963 3569 1208 3613 somma
1240 3547 1306 3612 di
1345 3552 1425 3611 10
1459 3546 1614 3612 mila
1652 3548 2084 3632 cecchiniper
2116 3549 2164 3614 11
2196 3548 2440 3614 tributo
2473 3549 2620 3614 dell'
2653 3571 2821 3614 anno
2848 3554 3135 3634 passam,

865 3637 914 3701 il
949 3639 1140 3721 quale
1172 3659 1290 3722 per
1319 3636 1380 3701 le
1413 3658 1644 3721 guerre
1694 3637 1903 3703 hebbe
1950 3640 1998 3704 il
2048 3638 2353 3722 Principe
2399 3661 2518 3704 con
2550 3639 2589 3703 l'
2624 3641 3003 3723 Imperator,
3039 3637 3132 3720 gli

867 3727 939 3793 fu
975 3727 1015 3792 1’
1048 3729 1202 3792 anni
1252 3726 1544 3792 addietro
1593 3727 1875 3808 rimesso3
1927 3729 2007 3794 110
2060 3729 2229 3795 altro
2279 3737 2575 3812 presente
2607 3731 2693 3795 ha
2730 3728 3035 3794 mandato
3066 3727 3135 3792 al

868 3817 986 3895 Re,
1018 3817 1134 3882 che
1171 3823 1253 3882 18
1317 3816 1570 3895 falconi,
1603 3817 1680 3881 ni»
1734 3817 1798 3882 al
1850 3819 2195 3886 Caimecan
2229 3839 2265 3882 o
2298 3820 2450 3885 altri
2499 3818 2809 3898 Ministri,
2841 3817 3135 3884 havendo

870 3929 910 3970 a
942 3909 1038 3973 cib
1074 3907 1359 3992 supplito
1392 3928 1508 3972 con
1558 3907 1600 3970 l'
1632 3909 1801 3973 altro
1852 3929 1967 3974 suo
1997 3908 2449 3988 Ambassator,
2479 3909 2596 3974 che
2650 3910 2717 3974 fu
2767 3910 2874 3994 qui
2907 3909 2957 3973 li
2988 3929 3137 3993 pas·

869 3997 1000 4062 sati
1031 3998 1206 4062 mesi.
1238 3998 1324 4061 Et
1372 3996 1592 4062 chiaro
1642 3998 1698 4063 si
1747 3997 1921 4078 vede‚
1953 3999 2070 4064 che
2106 3999 2350 4065 Turchi
2382 4019 2543 4064 anco
2592 3999 2743 4064 nelli
2793 4000 3021 4065 honori
3072 4003 3139 4063 et

870 4108 1232 4171 apparenze
1263 4108 1622 4170 procurano
1682 4094 2004 4154 sostentar
2051 4088 2099 4154 il
2149 4088 2379 4156 decoro
2430 4088 2535 4154 del
2596 4089 2914 4174 Prencipe
2948 4094 3014 4153 et
3045 4095 3139 4153 te·

871 4176 1052 4242 nerlo
1084 4176 1488 4256 soddisfatto,
1521 4199 1696 4242 come
1739 4178 1785 4241 11
1834 4179 2180 4245 medesimo
2230 4179 2296 4246 fa
2345 4179 2385 4245 1’
2418 4180 2785 4264 Imperator
2814 4179 2912 4246 001
2946 4179 3138 4244 titolo

872 4267 940 4332 di
971 4266 1412 4346 SerenissimO,
1445 4273 1510 4332 et
1541 4289 1660 4333 con
1691 4269 1863 4333 altre
1913 4269 2209 4352 lusinghe
2243 4276 2311 4334 et
2376 4269 2803 4336 blandimenti
2836 4269 2941 4334 dei
2972 4268 3139 4354 Spa·-

874 4357 1096 4440 gnuoli
1133 4378 1388 4422 ancora.
1428 4357 1626 4423 Corse
1659 4357 1705 4422 li
1739 4359 1950 4440 giorni
2001 4359 2244 4444 passati
2295 4360 2570 4443 qualche
2619 4381 2787 4440 voce,
2826 4361 2943 4426 che
2976 4359 3143 4426 'Par-

877 4448 1004 4511 tari
1053 4447 1392 4512 havessero
1439 4449 1741 4513 richiesto
1790 4449 1852 4513 al
1886 4451 2200 4532 Prencipe
2250 4449 2295 4514 il
2346 4457 2731 4536 pagamento
2762 4451 2828 4515 di
2864 4455 2949 4515 60
2982 4450 3143 4516 mila
