3459 5300
791 393 826 445 4
1613 405 1857 440 izi-:ramex
1892 403 1943 442 G.
1976 403 2227 439 Lam-:nnn

788 571 862 629 ut
893 562 971 627 de
997 563 1146 647 jure
1199 561 1522 625 foederum
1577 559 1996 641 antiquorum
2046 556 2415 622 labantibus
2466 564 2530 622 et
2579 554 2849 638 perditis
2891 555 3055 638 ipso-

788 675 932 719 rum
983 652 1175 718 rebus
1227 669 1762 716 succurreremus
1816 647 2163 714 Sollicitati
2214 649 2432 728 itaque
2483 671 2523 712 a
2574 655 2665 710 to’t
2714 647 2959 730 Regnis
2993 651 3057 708 et

785 745 932 827 jure
983 742 1312 807 foederum
1361 740 1777 821 antiquorum
1824 738 2056 815 adacti,
2090 761 2235 828 cum
2284 739 2607 820 praescitu
2656 736 2915 817 quidem
2950 732 3057 815 (si-

791 834 1048 916 quidem
1084 839 1305 896 nostra
1337 829 1614 894 conditio
1647 830 1712 894 id
1746 825 2069 912 exigebat)
2101 836 2165 892 et
2196 829 2565 905 affluentia,
2598 826 2708 891 sed
2756 824 2891 890 sine
2926 825 3057 890 ullo

793 925 1153 989 Tui-carum
1186 921 1425 986 auxilio
1457 920 1791 1003 suppetias
1843 918 2306 984 confoederatis
2358 918 2639 994 tulimus,
2672 939 2799 980 non
2850 923 2924 980 ut
2961 913 3059 978 vel

793 1016 1087 1080 Romano
1152 1009 1571 1089 Catholicam,
1621 1009 1722 1073 vel
1774 1009 1975 1074 ullam
2037 1008 2231 1073 aliam
2294 1009 2701 1091 Religionem
2766 1003 3059 1088 (excepto

796 1103 1040 1170 Ordine
1073 1097 1421 1184 Jesuitico)
1445 1101 1933 1182 extirparemus‚
1956 1098 2065 1171 sed
2098 1105 2172 1164 ut
2204 1098 2285 1162 ab
2318 1099 2727 1182 oppressione
2761 1103 2825 1161 et
2856 1097 3060 1160 immi-

795 1195 973 1260 nenti
1037 1192 1424 1257 extinctione
1487 1197 1775 1254 nostram
1838 1189 2216 1272 religionem
2269 1189 2708 1268 orthodoxam,
2770 1187 3060 1268 aliasque

795 1287 1168 1366 Regnorum
1199 1281 1532 1346 libertates
1565 1280 1990 1344 labefactatas
2032 1285 2098 1343 et
2128 1278 2409 1344 divulsas
2442 1278 2925 1343 vindicaremus,

1011 1373 1202 1438 Unde
1235 1393 1362 1436 non
1394 1371 1590 1434 aliam
1621 1370 1688 1434 in
1718 1371 1820 1435 his
1851 1369 2149 1448 motibus,
2180 1370 2505 1451 hucusque
2539 1374 2827 1433 nostram
2860 1369 3061 1432 inten-

796 1464 1038 1529 tionem
1069 1463 1282 1540 fuisse,
1314 1475 1506 1545 opere
1537 1461 1678 1544 ipso
1711 1467 2183 1539 contestamur3
2216 1459 2531 1541 siquidem
2582 1479 2729 1524 cum
2770 1457 3063 1542 praefata

800 1553 1232 1637 Imperatoria
1265 1573 1340 1616 ac
1373 1551 1583 1633 Regia
1633 1549 1985 1634 Majestate
2038 1549 2453 1614 Ferdinando
2504 1548 2797 1613 inducias
2835 1549 3063 1630 Regno

797 1645 1180 1726 Hungariae
1215 1642 1386 1726 pacti
1419 1661 1654 1717 sumus,
1687 1641 1782 1706 ita
1812 1645 1887 1704 ut
1936 1647 2078 1722 post
2131 1639 2611 1721 requisitionem
2662 1638 3061 1722 condignam,

799 1733 1055 1798 easdem
1119 1731 1425 1797 Bohemis
1488 1752 1742 1812 quoque
1807 1737 1872 1793 et
1933 1731 2078 1794 aliis
2130 1729 2593 1794 confoederatis
2643 1729 2877 1793 nostris
2930 1727 3064 1793 Sua

799 1823 1116 1906 Majestas
1168 1821 1350 1888 Caes.
1402 1843 1478 1885 ac
1527 1821 1739 1903 Regia
1802 1819 2145 1884 concedere
2210 1819 2603 1902 dignaretur,
2667 1840 2827 1901 quas
2892 1817 3064 1900 apud

803 1915 1000 1982 Suam
1035 1913 1453 1996 Majestatem
1485 1931 1600 1994 per
1631 1910 1883 1976 litteras
1923 1917 1985 1974 et
2018 1909 2360 1993 Legatum,
2392 1911 2489 1974 vel
2524 1910 2667 1975 ideo
2719 1909 3065 1974 sollicitare

801 2027 929 2070 non
961 2002 1326 2080 desinimus,
1360 2021 1682 2083 quoquam
1715 2000 1995 2083 primum
2029 2000 2404 2083 Regnorum
2438 2002 2657 2077 ruinis,
2679 2006 2743 2064 et
2774 1998 3066 2062 ulteriori

803 2093 1157 2160 Christiani
1191 2091 1524 2174 sanguinis
1557 2090 1851 2154 effusioni
1884 2091 2133 2154 obviam
2180 2089 2398 2170 iretur,
2431 2097 2504 2155 ut
2536 2092 2731 2154 armis
2784 2088 3067 2170 undique

802 2183 1126 2268 depositiS,
1177 2183 1282 2248 via
1335 2181 1706 2246 tractationi
1770 2180 2042 2246 salutari
2105 2181 2482 2263 aperiretur,
2546 2202 2621 2244 ac
2692 2179 3067 2264 justissimis

804 2273 1336 2358 aequissimisque
1369 2271 1836 2336 conditionibus
1868 2291 2020 2352 pars
2074 2277 2347 2352 utraque
2396 2291 2533 2334 sese
2580 2268 3067 2348 accomodandO,

803 2365 948 2430 finis
982 2369 1080 2428 tot
1113 2361 1404 2427 cladibus
1438 2383 1595 2444 pace
1627 2365 1852 2444 optata
1884 2361 2337 2444 imponeretur.

1018 2451 1158 2518 Nos
1190 2473 1338 2516 vero
1371 2457 1687 2533 quantum
1720 2456 1937 2515 teneat
1968 2450 2355 2515 desiderium
2388 2449 2565 2529 bene,
2599 2449 2975 2514 salutariter
3005 2455 3071 2513 et

805 2543 1264 2610 officiosissime
1320 2540 1398 2605 de
1450 2541 1744 2605 omnibus
1795 2540 2184 2608 Christianis
2234 2539 2646 2624 Principibus
2698 2561 2775 2606 ac
2823 2539 3069 2622 Regnis

809 2634 1060 2713 mereri,
1110 2654 1264 2698 sane
1314 2633 1434 2697 hoc
1483 2654 1610 2697 non
1661 2639 1795 2697 tam
1830 2631 2063 2697 litteris
2102 2639 2216 2697 aut
2252 2630 2510 2715 script0‚
2542 2652 2739 2713 quam
2770 2629 3071 2715 operibus

807 2732 1001 2807 atque
1021 2724 1208 2789 factis
1229 2722 1577 2789 contestari
1611 2723 1919 2805 cupimus,
1941 2721 2109 2786 inter
2142 2744 2301 2803 quos
2340 2722 2539 2786 etiam
2568 2721 2712 2789 Vm
2746 2720 3071 2787 Serenita-

809 2816 892 2880 tis
925 2815 988 2883 in
1023 2812 1391 2897 hujusmodi
1427 2812 1757 2877 fluctuosis
1806 2814 2181 2895 Regnorum
2229 2810 2751 2895 Christianorum
2800 2811 3071 2890 casibus,

809 2902 1299 2987 aequanimitati
1330 2901 1680 2986 plurimum
1711 2902 2066 2968 tribuentes
2115 2909 2403 2967 nostram
2450 2902 2659 2981 simul,
2696 2923 2774 2966 ac
2803 2900 3071 2967 Confoe-

809 2996 1178 3060 ‹leratorum
1211 2992 1494 3057 omnium
1517 2993 1814 3070 rationes,
1835 2993 2149 3076 singulari
2181 2992 2462 3074 quad-am
2492 2991 2728 3058 fiducia
2759 3012 3071 3057 commen-

809 3085 1056 3149 dandas
1089 3104 1226 3147 esse
1259 3082 1566 3164 volumuS,
1599 3103 1872 3165 quarum
1906 3105 2051 3148 cum
2082 3104 2210 3148 non
2242 3083 2365 3149 nisi
2398 3103 2525 3165 pax
2574 3087 2769 3165 atque
2816 3081 3073 3165 publica

809 3173 1252 3255 tranquillitas
1285 3173 1670 3256 praecipuus
1704 3192 1933 3257 scopus
1967 3174 2067 3250 sit,
2088 3179 2154 3237 et
2182 3172 2397 3255 legum
2430 3172 2788 3255 patriarum
2820 3172 3073 3253 religio-

813 3265 1038 3346 nisque
1071 3262 1415 3327 asserenda
1445 3260 1728 3344 libertaS,
1763 3284 2037 3344 aequum
2089 3268 2201 3339 est,
2251 3268 2327 3327 ut
2358 3262 2476 3329 Vra
2516 3283 2769 3345 quoque
2820 3260 3074 3327 Sereni-

810 3362 912 3419 tas
962 3352 1326 3435 ubicunque
1377 3358 1442 3417 et
1490 3352 1664 3435 apud
1715 3373 2129 3435 quoscunque
2176 3352 2558 3431 interfuerit,
2608 3358 2901 3417 sanctum
2954 3352 3076 3417 hoc

813 3451 1104 3509 nostrum
1135 3442 1418 3507 studium
1459 3448 1524 3506 et
1555 3444 1955 3526 propositum
1987 3442 2207 3509 sedulo
2237 3449 2610 3526 promoveat
2641 3450 2835 3525 atque
2875 3442 3075 3526 juvet,

807 3534 1064 3619 juribus
1097 3540 1164 3597 et
1195 3532 1511 3615 aequitati
1551 3538 1918 3598 nostrorum
1938 3531 2547 3599 Confoederatorum
2569 3534 2815 3598 sincere
2845 3533 3075 3609 faveat,

813 3644 1056 3706 nosque
1107 3623 1224 3687 tali
1275 3644 1428 3687 casu
1477 3621 1597 3687 sibi
1647 3622 1714 3686 in
1765 3622 2058 3689 omnibus
2097 3623 2563 3688 addictissimos
2594 3630 2851 3706 reputet
2881 3629 3075 3704 atque

812 3714 1068 3779 habeat.

1029 3800 1204 3868 Nam
1255 3803 1307 3868 si
1363 3800 1564 3887 (quod
1612 3825 1943 3885 nunquam
1994 3805 2354 3886 speramus)
2406 3804 2753 3887 promissas
2810 3803 2948 3885 jam
3010 3800 3075 3865 in

817 3893 972 3977 ipsis
1004 3892 1212 3976 pactis
1262 3893 1571 3971 induciae,
1605 3894 1917 3975 requisita
1966 3894 2333 3958 solemniter
2380 3893 2699 3975 Majestas
2750 3891 2901 3973 Sua,
2935 3914 3078 3956 con-

816 3983 1163 4049 foederatis
1228 3984 1464 4049 nostris
1527 3984 1785 4047 omnino
1850 3983 2277 4066 denegaverit,
2342 3991 2455 4047 aut
2508 3980 2661 4066 (non
2726 3988 3071 4059 aecer-tata,

819 4094 1027 4155 nequo
1095 4073 1352 4155 cognita
1401 4074 1580 4157 prius
1633 4095 1747 4156 per
1796 4074 1965 4137 viam
2016 4073 2317 4137 salutaris
2388 4073 2809 4150 tractationiS,
2871 4074 3078 4156 partis

819 4165 1152 4245 utriusque
1186 4184 1380 4229 causa
1413 4164 1714 4245 aequiore
1750 4170 1815 4227 et
1839 4162 2139 4246 justiore)
2190 4164 2255 4227 in
2306 4170 2658 4228 extremum
2706 4163 3075 4246 Regnorum

819 4254 1076 4318 illorum
1129 4252 1463 4334 excidium,
1514 4276 1624 4317 seu
1677 4252 1813 4318 Sua
1862 4252 2177 4335 Majestas
2229 4252 2551 4319 Caesarea
2600 4275 2677 4317 ac
2726 4254 2935 4336 Regia
2968 4274 3075 4317 seu

820 4344 933 4407 alii
967 4344 1328 4425 quicunque
1363 4342 1578 4407 studia
1611 4366 1726 4407 sua
1760 4343 2209 4421 converterint,
2260 4366 2385 4407 non
2434 4366 2619 4426 posse
2660 4343 2795 4408 ulla
2832 4343 3079 4408 ratione

819 4454 1080 4498 causam
1113 4432 1708 4498 confoederatorum
1742 4439 2107 4497 nostrorum
2140 4435 2235 4499 ita
2266 4434 2575 4510 deserere,
2606 4440 2683 4497 ut
2716 4435 3081 4515 quicunque

821 4522 964 4587 illos
1001 4524 1250 4587 violatis
1303 4523 1575 4587 induciis
1628 4524 2078 4605 impetivcrint,
2112 4523 2265 4605 quin
2320 4524 2489 4587 illico
2532 4548 2641 4587 uos
2676 4546 2929 4605 quoquo
2966 4544 3081 4605 pro
