3459 5300
1352 394 1536 450 1624.
1571 415 1693 451 κον.
1730 395 1785 450 5.
2612 395 2689 450 19
2782 371 2789 376 .

391 558 780 649 ‘regionibus
831 566 1354 648 periculosissimi
1403 567 1554 632 belli
1621 566 1835 632 sedem
1890 587 2151 632 cernere
2202 571 2402 632 coacti
2456 589 2691 632 sumus.

410 655 605 738 Quod
637 677 714 720 eo
753 657 1014 740 gravius
1064 657 1248 724 nobis
1301 649 1556 724 a‘ccidit.
1611 658 1783 740 quod
1834 656 2063 721 idonea
2114 655 2543 723 subsidiorum
2578 681 2691 742 spe

407 746 726 828 destituti,
759 767 1032 829 quorum
1067 769 1260 814 causa
1305 749 1464 813 haec
1515 747 1730 812 subire
1780 747 2115 825 voluimus,
2148 749 2189 812 ii
2224 769 2263 813 a
2313 750 2501 832 longe
2552 755 2683 814 tau·

409 843 554 900 tum
587 837 775 901 otiosi
807 843 1208 920 spectatores
1240 839 1362 903 hoc
1392 844 1684 923 tempore
1722 838 2078 902 videantur.

632 925 820 1009 Quod
856 949 1054 1012 quam
1087 951 1280 1012 grave
1312 928 1496 994 nobis
1529 928 1977 1010 communique
2030 929 2124 993 rei
2173 929 2551 993 damnosum
2588 928 2692 1006 sit,

410 1017 723 1099 prudenti
755 1017 936 1084 Ser¹¹⁸
980 1019 1127 1084 Vm
1141 1017 1383 1101 judicio
1406 1019 1881 1100 committimus,
1901 1025 2201 1101 certoque
2235 1018 2692 1095 existimamus,

407 1129 488 1170 ea
543 1108 862 1191 sapientia
898 1110 1218 1192 longoque
1251 1131 1468 1174 rerum
1503 1131 1621 1174 usu
1655 1107 1899 1175 Sei-'¹¹⁸⁴'¹
1944 1109 2190 1174 Eorum
2228 1110 2539 1192 Remp0⁸m
2572 1109 2691 1174 toti

409 1195 578 1262 Orbi
611 1199 706 1262 ita
739 1201 1152 1283 conspicuam
1185 1221 1340 1279 esse,
1373 1207 1447 1265 ut
1478 1199 1678 1265 sicuti
1702 1207 1895 1265 antea
1928 1199 2121 1264 etiam
2156 1221 2195 1264 a
2228 1200 2416 1282 longe
2449 1201 2690 1282 impen-

411 1288 645 1354 dentes
677 1309 893 1355 rerum
927 1311 1114 1356 casus
1167 1291 1450 1356 maxima
1500 1289 1886 1356 dexteritate
1940 1296 2002 1355 et
2042 1291 2280 1372 insigni
2331 1290 2695 1355 constantia

412 1400 530 1443 eas
563 1400 817 1464 semper
849 1382 1158 1446 avertisse
1189 1381 1366 1446 haud
1398 1381 1808 1464 ignoramus3
1840 1382 1931 1444 ita
1972 1380 2091 1444 hoc
2118 1401 2373 1463 quoque
2407 1387 2692 1463 tempore

405 1469 684 1533 consilia
735 1471 1146 1554 actionesque
1186 1493 1336 1536 suas
1367 1471 1850 1549 terminaturaS,
1882 1478 1955 1535 ut
1984 1470 2167 1535 nobis
2198 1470 2375 1536 haud
2408 1469 2691 1534 defuturi

408 1561 832 1643 opinionique
865 1561 944 1626 de
996 1583 1062 1625 se
1116 1569 1460 1646 conceptae
1509 1561 1833 1626 cumulate
1885 1559 2278 1625 satisfacturi
2330 1559 2690 1626 videantur.

407 1649 578 1714 Cum
613 1651 964 1734 plurimum
1017 1653 1170 1736 ipsis
1221 1654 1416 1718 etiam
1470 1653 1746 1725 intersit,
1797 1657 1870 1715 ut
1918 1653 2009 1714 vis
2059 1651 2343 1716 hostium
2392 1673 2466 1714 eo
2500 1657 2689 1733 pacto

409 1741 676 1804 retundi
728 1748 942 1824 queat,
995 1764 1072 1806 ne
1135 1741 1514 1807 meditatam
1564 1748 1791 1807 contra
1838 1762 2055 1806 omnes
2104 1741 2409 1825 Europae
2444 1738 2697 1816 Status,

407 1832 794 1913 impotentis
828 1831 1217 1898 Dominatus
1275 1832 1605 1896 libidinem
1655 1851 1775 1916 pro
1824 1832 2153 1898 voluntate
2204 1851 2499 1895 exercere
2550 1852 2692 1913 pos-

405 1921 564 1984 sint.
589 1920 874 2003 Reliqua
911 1923 978 1986 in
1013 1944 1144 1988 rem
1167 1923 1533 1987 necessaria
1553 1945 1698 1988 cum
1731 1923 1895 1987 Illum
1926 1920 2354 1986 Mansfeldiae
2377 1919 2691 1986 Comitem

407 2012 864 2094 expositurum
899 2014 1194 2085 sciamus,
1227 2018 1524 2096 rogatam
1559 2013 1752 2077 etiam
1807 2009 2021 2078 sermm
2054 2012 2219 2079 Vf⁸¹¹¹
2261 2011 2571 2087 volumus,
2624 2019 2695 2075 ut

405 2123 842 2185 quaecunque
871 2104 926 2166 is
959 2103 1215 2168 nomine
1249 2109 1467 2168 nostro
1505 2102 1819 2180 retulerit,
1840 2103 1920 2166 iis
1941 2100 2270 2168 indubiam
2302 2101 2491 2166 fidem
2515 2101 2695 2165 adhi-

403 2192 715 2268 bendam,
748 2194 1143 2276 insignisque
1177 2213 1334 2276 erga
1381 2213 1779 2258 communem
1813 2213 2074 2257 causam
2125 2191 2319 2256 studii
2372 2192 2469 2254 sui
2502 2191 2693 2256 ‹locu-

407 2289 640 2347 menta
681 2282 855 2347 haud
887 2285 953 2347 in
985 2283 1230 2348 ultimis
1265 2282 1656 2348 declaranda
1685 2282 1859 2347 velit.
1910 2280 2031 2346 Oui
2065 2303 2208 2348 cum
2258 2303 2373 2345 uos
2424 2279 2691 2347 affectus

407 2373 1007 2456 promptissimique
1057 2374 1258 2438 animi
1309 2373 1510 2438 nostri
1563 2371 1794 2448 officia,
1833 2380 1897 2437 et
1936 2371 2504 2456 propensissimum
2538 2393 2693 2454 erga

407 2462 728 2547 inclytam
759 2464 1006 2529 Earum
1061 2462 1552 2548 Rempublicam
1604 2462 2059 2528 benemerendi
2110 2463 2412 2540 studium,
2444 2483 2691 2526 summo

407 2551 658 2618 affectu
689 2553 1089 2634 deferamus;
1120 2555 1213 2618 ita
1247 2551 1402 2619 Serti
1441 2553 1588 2620 Vm*
1617 2573 1870 2618 omnem
1903 2551 2315 2617 foelicitatem
2368 2573 2443 2616 ex
2478 2553 2691 2615 animo

405 2664 922 2727 comprecamur.
943 2644 1190 2710 Datum
1218 2645 1284 2710 in
1306 2641 1558 2713 Castris
1589 2644 1825 2710 nostris
1860 2643 1945 2708 ad
1965 2641 2289 2728 Oppidum
2322 2641 2494 2708 Bai-s
2527 2643 2695 2726 posi-

409 2736 505 2800 tis
538 2736 643 2800 die
679 2740 715 2799 5
751 2734 1136 2801 Novembris
1171 2756 1340 2800 anno
1379 2740 1567 2801 1626.

640 2824 818 2891 Set-²³⁸
863 2825 1026 2894 Vm.
1918 2822 2263 2889 Studiosus

2121 2910 2393 2979 Gabriel
2426 2936 2508 2977 m.
2541 2935 2599 2995 p.

643 3030 688 3083 ,1
725 3040 904 3100 ter-qo:
945 3030 1116 3086 Sel-'¹²⁰
1147 3028 1395 3101 Principi
1445 3030 1648 3085 ,Ioanni
1702 3030 1947 3085 Corum-o
1998 3030 2253 3101 Inclytae
2303 3030 2476 3084 Nobis
2527 3030 2689 3103 Reip.

413 3119 780 3175 'Venetiarmn
813 3122 958 3175 Duci
994 3122 1334 3191 dignissimo,

1413 3454 1691 3523 XVIII.

1274 3606 1466 3667 1627.
1511 3624 1551 3667 a
1567 3623 1612 3666 u
1633 3624 1690 3686 g.
1750 3607 1851 3665 27.

1183 3745 1242 3810 A
1291 3746 1592 3810 velenczoi
1635 3746 1934 3831 (Ῑοῃέηαῖῡ.

641 3907 1069 3975 Serenissime
1099 3909 1430 3992 Princeps.

642 3998 964 4065 Detentus
991 3998 1130 4082 jam
1161 3998 1243 4064 ab
1275 3999 1524 4081 aliquot
1557 4017 1871 4063 annorum
1906 3997 2117 4080 spatio
2137 3996 2427 4062 Illustris
2460 3992 2691 4059 Comes

423 4090 658 4154 Petrus
705 4084 966 4153 Bethlc'n
1015 4110 1214 4173 nepos
1272 4111 1349 4153 ex
1400 4089 1601 4153 fratre
1652 4094 1873 4153 nostro
1922 4087 1987 4151 in
2040 4085 2362 4169 aliquibus
2414 4086 2695 4150 Romani

417 4180 696 4263 Imperii
729 4178 1120 4258 AcademiiS,
1169 4181 1546 4263 priusquam
1579 4180 1642 4241 iu
1678 4180 1957 4261 patriam
2009 4199 2084 4242 ex
2119 4175 2426 4242 mandato
2476 4182 2696 4239 nostro

417 4270 686 4348 rediret,
749 4278 822 4335 ut
883 4270 1105 4353 aliqua
1155 4268 1349 4336 Orbis
1414 4268 1771 4335 Christiani
1822 4289 2021 4351 regna
2082 4274 2440 4351 perageret,
2491 4266 2696 4331 eidem

417 4362 840 4445 injunximus.
873 4360 1086 4443 Quem
1120 4382 1264 4425 cum
1296 4359 1596 4427 Venetiis
1635 4361 1830 4423 etiam
1862 4358 2300 4443 profecturum
2322 4380 2397 4421 ex
2419 4356 2697 4440 benigna

415 4452 762 4517 voluntate
824 4458 1048 4515 nostra
1109 4452 1404 4532 sciamus⁷
1469 4450 1640 4514 haud
1701 4448 2255 4514 intermittendum
2312 4449 2697 4532 putavimus,

417 4545 583 4627 quin
629 4542 750 4606 hac
797 4543 1130 4607 occasione
1163 4540 1376 4607 Ser¹⁰¹¹¹
1425 4540 1586 4607 Vmffl
1629 4560 1747 4623 per
1798 4561 1941 4603 eum
1974 4538 2380 4616 visitandam,
2414 4538 2697 4601 salutan-

2418 4664 2479 4712 2*
