3459 5300
876 325 908 375 ἶ)
923 322 951 377 7
966 324 1001 377 4
1439 326 1456 375 1
1475 324 1508 376 6
1519 324 1552 375 2
1563 324 1620 378 5.
1653 342 1890 377 vum-:Nm
1898 344 1949 375 m
1983 330 2233 376 novi-:rex
2266 328 2609 376 ,πεπωκώς-ει.

869 497 1052 561 nicus
1115 496 1346 560 merito
1407 516 1590 560 arma
1651 514 1881 577 capere
1932 494 2249 577 potuisset
2300 500 2523 559 contra
2572 491 2955 569 GermanOS,
3018 492 3137 557 sed

870 585 1183 669 patientia
1213 607 1368 649 usus
1402 591 1500 650 est
1530 590 1596 649 et
1629 584 2021 649 tollerantia.

1084 674 1245 741 Post
1292 676 1453 739 haec
1514 695 1659 739 cum
1714 674 1799 739 ad
1864 674 2241 756 Regnorum
2301 672 2635 756 Ungariae
2675 680 2743 738 et
2775 672 3137 738 Bohemiae

873 766 1358 847 requisitionem
1393 787 1490 829 me
1524 764 1945 839 resolvissem‚
1977 764 2476 829 Potentissimus
2522 764 2896 847 Imperator
2946 761 3139 829 Otto-

870 855 1160 919 manicus
1192 877 1320 919 non
1382 855 1562 937 prius
1614 854 1885 919 militem
1917 854 2298 919 auxiliarem
2359 874 2609 919 mecum
2659 853 2905 919 dimisit
2936 874 3141 937 quam

873 945 1131 1029 quando
1164 947 1342 1009 natio
1375 942 1771 1009 Germanica
1820 943 2148 1008 Bistriciis
2181 942 2439 1025 publica
2488 945 2747 1009 comitia
2778 944 3141 1017 indixisset,

871 1040 1068 1117 atque
1102 1034 1281 1099 illinc
1328 1034 1412 1099 ad
1463 1034 1728 1099 Portam
1794 1033 2114 1097 communi
2176 1039 2320 1099 voto
2381 1040 2446 1097 et
2506 1033 2837 1099 voluntate
2884 1034 3141 1116 legatos

803 1150 806 1153 ⁴
872 1124 1216 1207 expediret,
1248 1123 1633 1190 declarando
1683 1124 1924 1188 Portae
1988 1124 2159 1206 quod
2223 1123 2703 1207 potentissimus
2765 1124 3143 1208 Imperator

874 1212 1264 1279 Ottomanus
1330 1235 1456 1278 non
1520 1236 1666 1278 cum
1717 1213 2135 1278 Ferdinando
2167 1212 2277 1277 sed
2310 1234 2455 1277 cum
2486 1213 2819 1297 Ungarica
2851 1212 3145 1279 Natione

880 1304 1102 1369 foedus
1136 1305 1401 1385 iniisset,
1435 1304 1693 1386 quando
1726 1304 1985 1385 quidem
2018 1303 2231 1367 nullus
2268 1303 2639 1386 Imperator
2657 1302 3146 1369 Germanorum

879 1416 1022 1459 cum
1057 1395 1262 1461 Porta
1293 1416 1515 1477 pacem
1548 1393 1701 1459 fecit
1729 1399 1806 1457 ut
1835 1393 2221 1476 Imperator,
2283 1393 2393 1457 sed
2456 1402 2773 1475 quatenus
2807 1392 2949 1458 Rex
3000 1394 3147 1459 Un-

877 1484 1118 1567 gariae,
1151 1506 1341 1567 quem
1392 1504 1540 1547 vero
1589 1482 1844 1565 Ungari
1878 1483 2117 1549 XVII.
2147 1482 2619 1548 conditionibus
2683 1484 3033 1567 propositis
3070 1484 3145 1547 in

877 1596 1062 1639 suum
1095 1575 1342 1657 Regem
1405 1573 1767 1655 elegissent,
1830 1594 2065 1655 eosque
2098 1572 2552 1638 Ferdinandus
2614 1574 2989 1638 nullatenus
3023 1595 3149 1638 nec

875 1664 1249 1746 adimplevit
1280 1685 1398 1728 nec
1428 1663 1624 1727 vellet
1657 1662 2028 1746 adimplere,
2062 1664 2267 1729 coacti
2299 1670 2449 1727 sunt
2482 1685 2627 1728 eum
2658 1685 2776 1747 pro
2798 1663 2977 1746 Rege
3010 1684 3145 1727 non

876 1774 1278 1837 cognoscere,
1311 1753 1423 1818 sed
1454 1752 1670 1836 potius
1735 1773 2048 1830 recusare,
2111 1759 2309 1835 atque
2372 1754 2573 1819 etiam
2604 1754 2829 1836 Regno
2862 1755 3149 1837 privare.

1095 1842 1198 1909 Ac
1222 1848 1566 1927 propterea
1584 1842 2071 1926 potentissimus
2091 1844 2460 1926 Imperator
2480 1841 2871 1909 Ottomanus
2897 1843 3148 1925 obliga-

878 1940 1076 2007 retur
1106 1935 1356 1998 ratione
1407 1931 1681 1997 foederis
1712 1932 2017 2014 U'ngaros
2068 1939 2407 2016 protegere
2440 1939 2507 1999 et
2538 1939 2975 2011 manutenere,
3010 1954 3146 1997 non

878 2020 1240 2089 Germanos
1273 2044 1418 2088 cum
1451 2022 1680 2106 quibus
1715 2022 1961 2088 nullam
1992 2022 2264 2088 haberet
2293 2024 2815 2101 transactionem,
2848 2023 3149 2105 quamvis

877 2135 993 2196 per
1025 2116 1274 2195 legatos
1307 2109 1622 2178 Germani
1685 2112 1859 2195 apud
1907 2113 2378 2196 Imperatorem
2432 2111 2855 2179 Ottomanum
2891 2114 3149 2178 instite-

879 2204 1014 2273 rint
1045 2211 1120 2269 ut
1149 2203 1307 2287 ipsis
1340 2202 1504 2267 feret
1535 2203 1747 2285 potius
1803 2202 2115 2268 auxilium
2167 2225 2361 2285 quam
2412 2203 2714 2287 Ungaris.
2776 2204 2965 2268 Haec
2997 2225 3149 2268 cum

881 2293 1380 2359 Potentissimus
1445 2289 1837 2357 Ottomanus
1900 2292 2270 2375 Imperator
2331 2292 2757 2358 intellexisset
2792 2293 2876 2358 ab
2909 2294 3150 2375 legatis

881 2406 960 2448 ex
1022 2384 1300 2448 comitiis
1361 2382 1425 2447 N
1430 2381 1915 2450 ovisoliensibus
1954 2383 2038 2448 ad
2068 2389 2326 2466 portam
2389 2381 2727 2467 ablegatis,
2776 2382 2983 2448 noluit
3036 2404 3149 2447 eos

883 2473 1310 2557 praecipitato
1346 2493 1651 2555 responso
1681 2474 2031 2550 remittere,
2064 2473 2174 2537 sed
2236 2479 2458 2539 coacto
2520 2472 2775 2537 Divano
2809 2475 2911 2538 cui
2943 2473 3151 2537 totius

884 2563 1155 2647 Imperii
1190 2561 1444 2628 Turcici
1481 2564 1715 2627 summi
1749 2561 2054 2628 officiales
2075 2570 2299 2646 utpote
2349 2561 2588 2645 Vesiryr
2620 2563 2823 2628 Musti
2854 2570 2921 2628 et
2951 2562 3151 2630 Cadi-

881 2653 1200 2719 lescheres
1233 2653 1582 2730 infuerunt‚
1614 2655 1948 2736 negocium
1980 2653 2479 2719 examinandum
2530 2653 3151 2738 diiudicandumque

888 2744 1240 2828 proposuit,
1288 2749 1506 2808 utrum
1532 2742 1865 2826 expediret
1896 2743 2137 2810 Portae
2169 2766 2208 2809 a
2241 2749 2429 2828 parte
2461 2741 2939 2809 Germanorum
2969 2749 3151 2809 stare

889 2856 972 2898 an
1003 2854 1154 2898 vero
1187 2855 1226 2897 a
1287 2832 1584 2916 partibus
1645 2831 2078 2916 Ungarorum,
2112 2834 2220 2916 qui
2270 2834 2398 2898 iam
2431 2839 2939 2916 recognoverunt
2969 2833 3149 2916 quod

885 2945 1030 2988 cum
1062 2923 1220 3006 ipsis
1255 2923 1590 3006 tamquam
1623 2923 1910 3006 Ungaris
1943 2929 2009 2988 et
2069 2923 2292 2989 vicinis
2342 2925 2823 3006 potentissimus
2855 2923 3155 3008 Impera-

888 3021 990 3077 tor
1025 3011 1418 3078 Ottomanus
1449 3033 1675 3096 pacem
1695 3011 1701 3018 ’
1721 3020 1787 3077 et
1818 3013 2039 3078 foedus
2075 3013 2346 3078 haberet
2382 3020 2531 3098 post
2564 3020 2660 3079 tot
2690 3015 2929 3080 damna
2958 3013 3155 3078 illata

887 3103 970 3168 ad
1005 3103 1488 3186 requisitionem
1543 3102 1911 3185 Ungaricae
1974 3102 2237 3168 ditionis
2299 3103 2544 3168 dimisit
2604 3104 2689 3170 ad
2750 3126 2865 3168 nos
2927 3105 3155 3187 copias

887 3193 1238 3258 auxiliares
1271 3193 1752 3277 potentissimus
1777 3193 2145 3275 Imperator
2175 3191 2586 3274 Ottomanu8‚
2624 3215 2791 3277 quae
2823 3196 2876 3258 si
2908 3194 3157 3259 damna

886 3283 1267 3358 intulerunt,
1315 3282 1368 3347 si
1421 3282 1832 3364 captivitates
1864 3282 2171 3361 fecerunt,
2206 3283 2259 3348 si
2292 3283 2584 3348 civitates
2615 3291 3032 3368 occuparunt,
3096 3285 3157 3348 si

892 3394 1086 3438 novas
1147 3371 1630 3437 fortificationes
1659 3379 2131 3454 exstruxerunt,
2162 3373 2301 3437 iure
2348 3372 2667 3456 legittimo
2727 3374 2886 3439 haec
2933 3375 3159 3438 omnia

887 3463 1193 3540 fecerunt,
1227 3462 1381 3544 quia
1412 3462 1543 3526 iam
1575 3467 1772 3527 antea
1804 3463 2124 3527 exercitus
2166 3461 2641 3528 Germanorum
2672 3464 2879 3528 multa
2910 3463 3159 3528 damna

889 3553 1200 3617 intulerat
1230 3551 1460 3617 ditioni
1493 3552 1934 3635 Imperatoria
1968 3551 2279 3618 Civitates
2312 3560 2378 3616 et
2410 3551 2618 3618 Arces
2651 3561 3159 3637 expugnaverat.

896 3642 1026 3707 Sed
1050 3642 1152 3706 his
1188 3641 1482 3706 omnibus
1514 3662 1640 3706 non
1673 3642 2044 3726 Imperator
2074 3643 2555 3727 potentissimus
2588 3641 2976 3709 Ottomanus
3008 3650 3161 3708 erat

908 3781 1282 3796 .....
1348 3731 1886 3814 quemadmodum
1932 3733 2355 3814 requisitione
2416 3733 2847 3814 Ungarorum,
2914 3733 3159 3817 quibus

889 3842 1143 3904 semper
1175 3842 1359 3905 opem
1423 3822 1589 3886 ferre
1651 3827 1923 3901 tenetur,
1958 3823 2217 3903 quando
2252 3822 2511 3903 quidem
2562 3822 2783 3888 foedus
2816 3845 2960 3888 cum
2992 3825 3161 3907 ipsis

890 3911 1146 3988 habeat,
1177 3933 1380 3993 quare
1431 3911 1595 3976 etin
1628 3919 1956 3995 posterum
2006 3912 2491 3996 potentissimus
2542 3912 2913 3996 Imperator
2963 3911 3159 3978 Otto—

891 4024 1122 4066 manus
1143 4001 1444 4084 Ungaros
1477 4024 1620 4067 cum
1655 4003 1829 4066 omni
1848 4003 2090 4067 auxilio
2117 4002 2679 4086 Imperatoriaque
2704 4003 2917 4085 gratia
2940 4025 3163 4087 prose-

894 4097 1143 4173 quetur.
1180 4091 1484 4246 -T-taHaec
1545 4097 1697 4156 sunt
1758 4113 2068 4177 responsa
2128 4093 2327 4176 digna
2368 4092 2451 4158 ad
2484 4093 2768 4176 quinque
2821 4093 3163 4176 postulata

893 4202 1232 4266 supraposl
