3459 5300
1081 356 1153 409 16
1166 356 1267 413 26.
1312 362 1577 411 ηΑτόεᾸω
1609 366 1970 415 summast-xx.
2524 360 2597 413 21
2617 362 2644 415 l

388 526 807 593 Germaniam
840 529 1236 607 gravissimis
1288 530 1726 595 exactionibus
1779 530 2001 595 crebro
2053 530 2375 596 divexavit
2405 538 2472 595 et
2505 539 2651 614 post

384 617 607 681 habita
639 616 996 683 Christiani
1028 620 1303 685 nominis
1352 620 1713 684 reverentia
1761 627 1951 685 aucto
1997 627 2244 685 terrore
2293 620 2648 689 infidelium

382 708 661 791 patriam
712 710 1117 790 exhauserit3
1169 710 1345 774 ultra
1396 710 1567 791 quod
1624 709 1983 774 Pontificiis
2017 710 2428 794 Principibus
2479 713 2644 777 alias

382 798 659 863 solemne
720 800 823 879 sit,
876 806 949 863 ut
1010 802 1073 865 in
1140 806 1428 864 extrema
1491 801 1874 865 necessitate
1937 822 2339 883 paganorum
2401 802 2648 867 auxilia

379 895 675 973 prompte
695 889 1041 953 admodum
1062 891 1430 973 implorent,
1452 890 1623 972 quod
1644 891 1864 973 Papas
1892 889 2264 974 Aragonios
2299 898 2365 956 et
2387 891 2646 957 Sforzas

378 978 599 1044 fecisse
632 980 879 1061 liquido
908 986 1177 1045 constat.
1213 980 1399 1045 Unde
1433 981 1749 1064 imprimis
1782 984 2213 1047 necessarium
2234 989 2348 1055 est,
2369 988 2442 1045 ut
2473 1004 2640 1047 emo-

376 1069 661 1133 lumenta
683 1092 848 1152 quae
877 1072 1079 1153 exigit
1110 1094 1255 1136 cum
1275 1070 1507 1135 Turris
1542 1070 1796 1135 foedere
1825 1072 1905 1135 ad
1931 1070 2353 1137 Austriaeam
2385 1072 2642 1137 domum

375 1159 755 1225 redundant.
808 1158 1134 1226 Accurate
1185 1160 1611 1245 ponderemus
1662 1169 1728 1224 et
1777 1168 1910 1225 tam
1961 1162 2207 1245 publici
2259 1162 2646 1228 discriminis

372 1252 885 1332 magnitudinem
918 1259 983 1315 et
1013 1252 1079 1315 in
1114 1272 1307 1333 quam
1358 1252 1626 1334 periculi
1678 1252 1880 1316 nostri
1933 1274 2194 1317 causam
2245 1254 2644 1335 investigare

374 1362 499 1404 non
562 1342 1192 1424 praetermittamus3
1255 1346 1322 1405 et
1372 1343 1553 1405 enim
1615 1342 1788 1425 apud
1857 1343 2101 1426 peritos
2179 1363 2392 1407 rerum
2457 1349 2641 1407 extra

372 1430 635 1495 dubium
671 1438 771 1495 est
806 1453 967 1515 pace
1016 1433 1184 1496 inter
1216 1430 1563 1496 Caesarem
1596 1440 1661 1495 et
1691 1432 2169 1497 Ottomanicavn
2223 1438 2477 1512 gentem
2515 1440 2640 1497 sta-

371 1519 556 1585 bilita
601 1522 955 1605 Ungariam
996 1529 1347 1603 'utramque
1388 1520 1725 1585 Austriam
1767 1520 2178 1586 Carinthiam
2212 1530 2277 1587 et
2309 1521 2638 1589 Croatiam

371 1610 755 1675 Bohemiam
789 1612 942 1676 item
978 1613 1337 1678 Moraviam
1382 1618 1449 1675 et
1502 1612 1804 1676 Silesiam
1853 1634 2105 1696 semper
2137 1618 2280 1676 tuto
2314 1614 2379 1676 et
2409 1620 2642 1697 pacate

368 1702 687 1784 simulque
719 1702 877 1767 belli
929 1703 993 1766 iu
1030 1703 1273 1785 Regnis
1330 1702 1571 1767 nostris
1622 1702 2025 1768 accendendo
2077 1704 2312 1774 fomite.
2347 1702 2642 1768 malendo

368 1792 711 1855 mat-eriam
762 1793 897 1856 fore
949 1815 1092 1858 cum
1154 1792 1420 1857 turbato
1471 1798 1647 1857 statu
1716 1794 1858 1875 ipsa
1909 1792 2168 1859 Vienna
2200 1842 2214 1857 .
2246 1842 2260 1857 .
2343 1845 2356 1857 .
2405 1794 2516 1857 sed
2579 1801 2644 1858 et

370 1878 671 1947 Caesaris
739 1904 969 1965 parum
1034 1905 1263 1949 secura
1330 1889 1396 1947 et
1462 1889 1599 1946 tam
1662 1904 1902 1965 magna
1965 1885 2108 1948 auri
2172 1884 2357 1966 copia
2417 1885 2642 1965 ingens

367 1972 645 2036 militum
678 1994 982 2038 uumerus
1014 1995 1091 2037 ac
1116 1975 1321 2037 omnis
1354 1973 1768 2037 consiliorum
1802 1972 2257 2055 actionumque
2288 1974 2384 2037 vis
2417 1984 2642 2039 contra

367 2061 683 2127 barbaros
715 2063 1045 2139 vertenda,
1078 2065 1297 2146 sicque
1332 2086 1371 2127 a
1404 2065 1664 2147 proprio
1697 2062 2196 2128 Austriacorum
2246 2065 2639 2147 patrimonio

366 2152 573 2216 hostis
605 2153 767 2217 adeo
805 2160 1155 2237 potens·et
1203 2155 1505 2218 immanis
1565 2154 1880 2219 arcendus
1913 2156 2014 2229 sit,
2051 2160 2125 2219 ut
2157 2161 2637 2237 praetereamus

364 2243 521 2325 quid
586 2240 978 2309 Germanico
1052 2245 1335 2327 Imperio
1398 2250 1499 2307 tot
1559 2244 1898 2309 horrendis
1971 2243 2362 2310 factionibus
2438 2243 2640 2309 diviso

364 2333 937 2399 Musulmanorum
968 2356 1126 2417 gens
1175 2356 1301 2399 non
1342 2335 1555 2399 valeat
1587 2340 1956 2417 praestare3
1988 2335 2372 2417 praesertim
2405 2335 2458 2397 si
2493 2356 2634 2417 per-

364 2424 665 2489 mittente
727 2424 863 2489 fato
924 2424 1261 2490 Austriaci
1324 2424 1655 2489 nobiscum
1739 2424 2081 2489 infeliciter
2145 2430 2511 2507 pugnarent
2573 2432 2641 2489 et

362 2515 893 2598 appropinquant
943 2521 1008 2579 et
1048 2522 1183 2580 tam
1234 2515 1580 2579 diuturnae
1630 2514 2084 2579 dominationis
2133 2514 2395 2597 periodo
2445 2513 2636 2579 finem

363 2626 439 2670 ac
462 2604 829 2670 interritum
850 2604 1137 2671 familiae
1160 2627 1312 2671 suae
1334 2610 1487 2671 ante
1508 2605 1723 2671 oculos
1747 2605 2086 2683 haberent;
2117 2605 2367 2688 hacque
2389 2604 2637 2670 ratione

360 2697 427 2760 in
447 2695 897 2778 desperatione
929 2717 1007 2760 ac
1035 2697 1225 2761 ruina
1246 2717 1363 2760 sua
1381 2698 1579 2761 totius
1612 2694 1972 2761 Christiani
1993 2696 2166 2760 orbis
2199 2695 2636 2780 excidiumpa-

360 2807 467 2850 ve.
497 2837 510 2850 .
544 2837 559 2850 .
592 2837 638 2864 .,
661 2808 791 2867 qua
840 2787 983 2870 ipsa
1020 2787 1201 2851 rabie
1235 2788 1567 2869 Ungariae
1602 2785 1900 2866 Regnum
1935 2787 2178 2870 majore
2201 2808 2276 2850 ex
2298 2791 2484 2871 parte
2505 2808 2638 2852 am-

364 2877 633 2941 missum
656 2883 721 2940 et
752 2876 1214 2959 Trapezuntini
1244 2878 1509 2960 Impery
1534 2875 1981 2958 magnitudine
2003 2876 2264 2942 tandem
2287 2882 2638 2960 prostrata3

362 2967 721 3050 prudenter
753 2973 971 3031 autem
1004 2969 1127 3032 hoc
1160 2968 1299 3032 loco
1347 2966 1983 3031 animadvertendum
2037 2972 2290 3049 gentem
2345 2965 2637 3031 Ottoma-

360 3058 575 3122 nicam
628 3056 799 3120 bello
850 3057 1154 3124 Asiatico
1198 3057 1277 3121 iis
1330 3057 1571 3122 viribus
1623 3076 1784 3139 quas
1843 3056 1908 3120 in
1963 3057 2298 3140 Europam
2361 3057 2633 3122 educere

362 3147 542 3224 solet,
578 3147 759 3211 nullo
808 3147 980 3212 malo
1030 3147 1409 3212 exhaustam
1462 3146 1572 3211 sed
1604 3168 1720 3229 per
1751 3146 2122 3212 Budensem
2173 3147 2461 3228 aliosque
2511 3149 2634 3230 ipsi

364 3239 607 3303 vicinos
642 3245 707 3301 et
734 3237 871 3322 jam
905 3261 1075 3302 nunc
1106 3243 1380 3302 centena
1410 3238 1743 3301 hominum
1787 3237 1991 3300 millia
2041 3237 2360 3319 colligere,
2392 3258 2634 3319 nosque

364 3329 607 3393 mutuis
660 3326 951 3392 cladibus
1003 3329 1284 3406 attritos,
1336 3328 1435 3392 cui
1487 3327 1667 3392 Deus
1718 3327 1946 3408 obstet,
1998 3332 2295 3410 potenter
2345 3325 2632 3410 affligere

364 3439 585 3500 posse3
620 3439 765 3482 cum
797 3420 1181 3501 praesertim
1218 3440 1373 3502 gens
1408 3418 1832 3482 Tartarorum
1885 3417 2162 3481 crudelis
2198 3423 2262 3480 et
2293 3437 2634 3481 numerosa

359 3509 561 3592 ipsius
604 3508 895 3592 auspicia
946 3515 1258 3590 sequatur
1290 3514 1356 3572 et
1389 3508 1573 3572 nobis
1607 3529 1800 3590 grave
1833 3508 2206 3590 periculum,
2244 3506 2412 3588 quod
2446 3509 2632 3571 annis

358 3600 649 3682 proxime
684 3599 1055 3682 praeteritis
1090 3600 1317 3681 Regno
1350 3598 1659 3664 Poloniae
1699 3620 1742 3661 a
1771 3597 2064 3662 barbaris
2108 3595 2422 3678 impendit
2461 3597 2632 3661 suffi-

356 3690 549 3754 cienti
602 3689 895 3774 exemplo
944 3709 1081 3754 esse
1115 3695 1346 3771 queat3
1378 3709 1457 3752 ne
1508 3688 1719 3752 dicam
1769 3687 2032 3752 inclitae
2085 3687 2358 3751 Unionis
2407 3686 2631 3750 foedus

356 3799 431 3843 ex
475 3785 667 3864 parte
717 3778 1089 3843 convulsum
1139 3779 1259 3859 iri3
1311 3780 1363 3842 si
1416 3777 1843 3842 formidabilis
1892 3778 2014 3841 iste
2064 3777 2268 3841 hostis
2309 3777 2630 3844 Venetam

356 3869 853 3954 Rempublicam
885 3869 1172 3934 amicitia
1199 3875 1425 3933 nostra
1458 3869 1782 3932 abstinere
1817 3874 1883 3932 et
1916 3869 2112 3932 Ser¹⁸¹¹¹
2135 3865 2628 3931 Transilvaniae

356 3959 729 4044 Principem
778 3959 860 4022 ab
903 3960 1027 4023 hac
1074 3958 1525 4042 conjunctione
1576 3958 1906 4023 dehortari
1956 3958 2128 4024 velit.
2183 4007 2197 4021 .
2230 4009 2243 4022 .
2278 4008 2291 4022 .
2325 4009 2338 4021 .
2390 3957 2631 4040 Hispa-

358 4072 589 4116 norum
628 4050 859 4114 littora
892 4047 1116 4114 Classe
1148 4071 1267 4115 sua
1316 4049 1627 4112 infestare
1674 4048 1947 4124 desinat,
1980 4048 2452 4129 maritimisque
2485 4049 2630 4112 viri-

356 4139 473 4205 bus
524 4145 757 4206 contra
813 4161 928 4206 nos
978 4145 1220 4203 utatur.
1273 4135 1522 4221 Quibus
1575 4138 1870 4203 omnibus
1919 4145 2218 4202 accurate
2275 4138 2628 4202 observatis

358 4231 607 4296 nullum
660 4229 841 4294 aliud
892 4232 1063 4293 tanti
1114 4230 1269 4293 mali
1321 4229 1693 4304 remedium,
1745 4250 1939 4310 quam
1987 4233 2064 4292 ut
2112 4248 2346 4309 eosque
2397 4229 2509 4309 qui
2560 4230 2626 4292 in

358 4321 557 4386 Porta
606 4319 1025 4386 Ottomanica
1073 4319 1157 4384 ad
1214 4319 1465 4384 clavum
1534 4340 1748 4383 rerum
1802 4318 2042 4396 sedent,
2093 4318 2274 4382 nobis
2338 4317 2627 4382 addictos

356 4412 718 4488 re11damuS‚
740 4415 807 4474 et
827 4410 1049 4474 foedus
1071 4409 1241 4491 quod
1262 4410 1565 4473 adversar
1576 4431 1607 4470 v
1634 4415 2000 4472 nostrarum
2025 4409 2308 4492 partium
2340 4408 2628 4491 Regibus

356 4503 595 4566 exitum
630 4503 960 4565 intentant
992 4500 1278 4583 legitimo
1311 4499 1498 4564 modo
1531 4520 1932 4582 occupamUS,
1970 4505 2170 4580 atque
2200 4499 2266 4562 in
2299 4499 2627 4582 propriam

2311 4623 2408 4672 14*
