3459 5300
826 315 858 370 6
870 317 904 371 3
917 317 951 371 8
1471 317 1498 370 1
1513 317 1546 370 6
1559 318 1591 371 2
1605 319 1658 372 6.
1691 337 1989 375 vmmuczm
2022 325 2270 370 RiiVETEK
2305 323 2645 370 Jamnrrnsnr.

817 511 972 555 suae
1033 490 1230 554 totius
1265 487 1620 555 Christiani
1685 489 1859 554 orbis
1892 489 2209 554 excidium
2272 491 2608 573 paventari
2660 491 2880 554 velint.
2930 488 3083 573 Qua

817 581 961 663 ipsa
1023 581 1274 645 ratione
1325 580 1659 664 Ungariae
1693 581 1997 662 Regnum
2028 581 2257 645 maiori
2290 601 2369 644 ex
2431 585 2621 663 parte
2675 582 2979 645 amissum
3014 587 3082 644 et

821 669 1286 753 Trapesuntini
1317 671 1585 754 Imperii
1620 669 1998 753 magnitudo
2030 670 2291 735 tandem
2322 675 2668 752 prostrata.

1033 759 1401 825 Prudenter
1463 767 1680 826 autem
1728 761 1851 825 hoc
1910 759 2052 825 loco
2114 761 2751 826 animadvertendum
2798 757 3083 825 Gentem

824 849 1306 917 Ottomanicam
1367 851 1540 917 bello
1603 849 1901 915 Asiatico
1960 851 2041 914 iis
2106 851 2345 916 viribus
2404 872 2567 933 quas
2628 851 2695 914 in
2746 851 3081 933 Europam

821 940 1142 1005 adducere
1199 941 1379 1018 solet,
1440 940 1619 1005 nullo
1678 941 1867 1006 modo
1929 940 2328 1020 exhaustam,
2375 940 2487 1006 sed
2548 961 2663 1024 per
2713 940 3083 1005 Budensem

821 1032 1116 1114 aliosque
1178 1031 1380 1113 ipsius
1443 1033 1681 1096 vicinos
1745 1031 1987 1096 Bassas
2020 1031 2215 1097 etiam
2247 1053 2399 1096 num
2449 1037 2720 1096 centena
2748 1031 3083 1094 hominum

818 1121 1025 1187 millia
1085 1121 1404 1204 colligere,
1465 1142 1709 1203 nosque
1771 1121 2012 1186 mutuis
2073 1121 2365 1187 cladibus
2427 1121 2686 1186 attritos
2737 1117 2848 1204 (ne
2899 1121 3086 1186 Deus

819 1210 1078 1294 obstet,)
1111 1217 1410 1296 potenter
1459 1211 1758 1294 affligere
1808 1232 2011 1294 posse,
2044 1233 2187 1275 cum
2220 1213 2601 1295 praesertim
2635 1209 2815 1276 Gens
2848 1211 3087 1275 Tarta-

827 1323 1047 1366 rorum
1080 1302 1358 1367 crudelis
1392 1308 1457 1366 et
1489 1323 1833 1368 numerosa
1864 1302 2066 1385 ipsius
2086 1303 2388 1385 auspicia
2440 1307 2769 1384 sequatur,
2803 1308 2869 1366 et
2900 1300 3087 1365 nobis

820 1413 1014 1474 grave
1076 1393 1456 1474 periculum,
1519 1392 1689 1477 quod
1723 1393 1909 1458 annis
1941 1391 2229 1475 proxime
2277 1392 2651 1475 praeteritis
2699 1391 2925 1475 Regno
2958 1391 3087 1456 Po·

823 1481 1036 1548 Ioniae
1068 1503 1109 1546 a
1140 1482 1452 1548 Barbaria
1484 1483 1817 1565 impendit,
1858 1481 2202 1548 sufficienti
2234 1483 2525 1564 exemplo
2558 1503 2695 1547 esse
2730 1489 2944 1562 queat.

1036 1571 1103 1636 N
1107 1594 1140 1636 e
1173 1572 1382 1638 dicam
1422 1573 1699 1638 Inclitae
1762 1572 2037 1637 Unionis
2098 1571 2323 1636 foedus
2384 1593 2461 1636 ex
2491 1579 2679 1656 parte
2709 1572 3090 1636 convulsum

821 1661 920 1738 iri,
953 1662 1007 1726 si
1037 1662 1463 1728 formidabilis
1514 1663 1624 1728 ille
1674 1662 1877 1727 hostis
1912 1662 2233 1730 Venetam
2283 1662 2775 1746 Rempublicam
2809 1661 2891 1728 ab
2924 1663 3087 1727 ami-

823 1751 980 1816 citia
1012 1758 1240 1818 nostra
1279 1753 1630 1835 dehortari,
1693 1759 1763 1818 et
1824 1751 2315 1818 Transilvaniae
2364 1753 2735 1836 Principem
2783 1752 2906 1818 hac
2937 1773 3088 1816 con-

816 1841 1152 1925 junctione
1213 1842 1538 1908 abstinere
1615 1843 1787 1908 velit.
1840 1841 1910 1908 Si
1942 1845 2139 1908 etiam
2177 1843 2623 1926 Hispanorum
2653 1842 2849 1907 litera
2879 1841 3091 1907 classe

827 1953 949 1998 sua
979 1932 1288 1998 infestare
1320 1933 1591 2012 desinat,
1621 1933 2098 2016 maritimisque
2158 1931 2402 1998 viribus
2434 1940 2659 1998 contra
2687 1955 2804 1996 nos
2837 1937 3085 1997 utatur.

1039 2019 1294 2106 Quibus
1325 2023 1621 2089 omnibus
1653 2029 1954 2088 accurate
2016 2022 2369 2089 observatis
2419 2023 2671 2088 nullum
2704 2021 2884 2088 aliud
2914 2023 3089 2087 tanti

827 2112 983 2178 mali
1015 2113 1372 2179 remedium
1404 2136 1601 2196 quam
1633 2121 1706 2179 ut
1738 2113 2123 2179 Austriacos
2170 2112 2420 2179 consilii
2452 2114 2784 2178 celeritate
2824 2134 3089 2196 praeve-

827 2205 1096 2284 niamus,
1131 2225 1364 2286 eosque
1397 2204 1511 2286 qui
1542 2206 1604 2269 in
1648 2203 1853 2268 Porta
1896 2203 1979 2268 ad
2011 2202 2255 2270 clarum
2321 2224 2535 2279 rerum
2598 2203 2838 2280 sedent,
2902 2202 3091 2267 nobis

825 2293 1117 2359 addictos
1169 2294 1533 2372 reddamus,
1596 2300 1661 2358 et
1712 2292 1935 2358 foedus
1969 2316 2095 2376 quo
2135 2293 2488 2360 adversarii
2538 2301 2907 2359 nostrarum
2938 2316 3091 2377 par-

825 2385 989 2448 tium
1052 2383 1344 2466 Regibus
1409 2385 1673 2449 exitium
1735 2385 2079 2461 intentant,
2141 2384 2434 2466 legitimo
2466 2383 2654 2448 modo
2685 2403 3091 2465 occupemus,

824 2480 1022 2556 atque
1055 2475 1121 2538 in
1153 2475 1485 2558 propriam
1517 2475 1805 2556 ipsorum
1837 2474 2185 2556 perniciem
2218 2480 2564 2539 vertamus.
2596 2474 2763 2542 Cum
2793 2493 3091 2557 praeser-

827 2564 945 2628 tim
977 2563 1228 2629 nullum
1263 2565 1347 2628 sit
1379 2563 1644 2628 dubium
1678 2562 2215 2630 Christianissimi
2250 2571 2317 2630 et
2363 2562 2653 2647 Magnae
2702 2562 3091 2628 Britanniae

827 2656 1082 2738 Regum
1123 2654 1538 2738 Reipublicae
1589 2656 1788 2720 etiam
1821 2655 2130 2733 Venetae,
2192 2656 2619 2738 ordinumque
2650 2654 2863 2737 Belgii
2894 2652 3091 2719 fidem

827 2751 893 2808 et
923 2745 1368 2828 integritatem
1431 2744 1801 2811 Ottomanis
1866 2744 2123 2810 abunde
2186 2751 2606 2829 perspectam,
2667 2766 2828 2828 quos
2860 2766 3093 2827 prope-

827 2835 996 2899 diem
1029 2836 1400 2918 cognituros
1461 2835 1791 2901 nobiscum
1854 2833 2107 2901 firmam
2157 2856 2235 2901 ac
2264 2841 2474 2902 tutam
2528 2835 2884 2900 amicitiam
2915 2834 3095 2918 apud

831 2925 1218 2990 Austriacos
1268 2978 1280 2989 .
1342 2976 1354 2989 .
1418 2977 1430 2989 .
1493 2976 1506 2990 .
1551 2926 1801 2991 insidiis
1834 2927 2129 3009 exposita
2158 2925 2313 2991 fore.

1044 3014 1301 3081 Foedus
1363 3015 1562 3099 igitur
1627 3015 2165 3099 amplectendum,
2229 3036 2355 3081 non
2387 3021 2465 3079 ut
2497 3014 2769 3079 aliorum
2818 3014 2995 3079 ferro
3024 3016 3095 3078 in

829 3105 1082 3171 uiscera
1112 3112 1335 3171 nostra
1366 3107 1490 3189 ipsi
1543 3105 1833 3170 crudeles
1867 3106 2083 3185 simne,
2146 3106 2257 3171 sed
2307 3128 2435 3188 quo
2483 3104 2775 3170 Ibericas
2826 3104 3095 3169 fraudes

829 3195 1192 3279 promptius
1216 3196 1613 3279 celeriusque
1633 3195 2101 3262 confundamus
2134 3204 2201 3261 et
2228 3202 2423 3280 parta
2454 3195 2719 3260 consilio
2740 3196 3097 3261 securitate

827 3285 1098 3369 publicis
1131 3286 1480 3351 cervicibus
1513 3288 1851 3351 imminens
1887 3288 2152 3352 exitium
2186 3286 2538 3370 prudenter
2577 3286 2979 3351 amoliamur.

1045 3554 1210 3622 Cum
1273 3556 1735 3622 Serenissimus
1799 3557 2291 3623 Transilvaniae
2326 3562 2393 3621 et
2425 3555 2610 3623 Sacri
2644 3555 2925 3621 Romani
2961 3556 3089 3619 Im-

834 3646 996 3729 perii
1027 3648 1340 3729 Princeps
1403 3647 1721 3712 Dominus
1786 3668 1964 3711 meus
2026 3647 2561 3713 clementissimus
2594 3646 2678 3712 ab
2710 3644 2897 3709 initio
2930 3645 3095 3709 nihil

829 3735 954 3801 sibi
1017 3738 1346 3819 antiquius
1409 3738 1682 3814 duxerit,
1747 3758 1941 3819 quam
2003 3745 2078 3802 ut
2124 3737 2382 3822 saepius
2443 3744 2583 3801 tam
2645 3757 2685 3800 a
2718 3732 3098 3799 Christiano

833 3826 1014 3909 Rege
1049 3824 1437 3904 Galliarum,
1501 3850 1695 3911 quam
1727 3827 1923 3891 etiam
1958 3825 2039 3891 ab
2072 3828 2217 3892 aliis
2280 3825 2475 3915 Orbis
2508 3824 2867 3893 Christiani
2902 3824 3101 3907 Regi-

831 3916 953 3981 bus
987 3922 1052 3981 et
1082 3917 1495 3999 Principibus
1527 3917 1877 4001 requisitus
1909 3938 2172 4000 operam
2223 3940 2407 3983 suam
2438 3917 2507 3981 in
2537 3916 2790 3980 comuni
2838 3917 3101 3998 negotio

835 4008 1260 4087 promovendo
1309 4014 1643 4090 praestare
1676 4007 2084 4090 optimaeque
2116 4008 2464 4073 voluntatis
2498 4027 2654 4072 suae
2686 4004 2973 4071 studium
3024 4028 3100 4069 eo

835 4104 1023 4179 pacto
1085 4098 1315 4162 testari
1377 4103 1610 4180 posset,
1672 4118 1799 4180 quo
1834 4104 1898 4161 et
1947 4099 2232 4163 animum
2296 4120 2481 4163 suum
2542 4102 2727 4161 tanto
2790 4095 3101 4181 Principe

843 4188 1107 4270 dignum
1141 4194 1206 4251 et
1239 4189 1432 4252 etiam
1471 4189 1755 4253 actiones
1787 4209 1931 4252 vere
1983 4188 2265 4271 gerricas
2315 4207 2443 4252 non
2476 4186 2703 4252 ultimo
2736 4186 2876 4251 loco
2910 4188 3104 4251 aesti-

837 4276 1108 4341 mandas
1173 4300 1309 4342 esse
1371 4279 1592 4359 palam
1656 4278 2148 4343 demonstraret.
2212 4278 2461 4343 Tamen
2524 4299 2671 4343 cum
2718 4298 2823 4341 res
2885 4297 3001 4342 eae
3036 4284 3104 4342 et

836 4364 1249 4431 difficultates
1283 4367 1597 4431 eiusmodi
1623 4368 1931 4432 hactenus
1964 4366 2323 4445 inciderint,
2358 4388 2525 4449 quae
2557 4368 2735 4450 pium
2770 4372 3105 4432 constans-

841 4477 997 4537 sque
1032 4456 1448 4521 Celsitudinis
1489 4456 1660 4522 Suae
1723 4458 2123 4541 propositum
2174 4458 2591 4536 ret-ardarint,
2626 4457 2996 4522 arbitratur
3029 4480 3109 4522 ea
