3459 5300
776 258 899 310 200
1090 256 1278 309 14326.
1308 260 1922 309 Taxilcsuxriuozxro1³.
1959 262 2156 307 novi-:¹1⁸1
2191 258 2708 306 m.‹'³''r1·:u.msz·1·1‘·28ex.

768 427 913 492 odio
948 426 1129 491 Sei-²⁵³
1180 426 1350 491 Suae
1400 430 1698 507 apertum
1719 420 1996 504 bostem,
2047 447 2172 489 nou
2207 431 2433 502 status,
2472 430 2540 489 et
2569 422 3032 506 rempublicam

772 539 938 600 quae
988 516 1197 581 solum
1246 516 1330 581 ad
1380 516 1888 598 recuperandam
1933 515 2272 580 Livoniam
2311 514 2553 579 auxilia
2603 513 3036 597 suppeditarit

770 630 897 671 nou
932 606 1015 671 ad
1046 607 1440 672 invasionem
1487 608 1700 689 Regni
1751 605 2006 672 Svetiae
2045 603 2456 685 consenserit,
2505 626 2635 689 quo
2669 626 2822 669 casu
2855 603 3036 670 Ser¹¹⁸

771 698 943 763 Suae
971 696 1223 763 hostem
1243 718 1309 762 se
1332 717 1457 761 non
1476 696 1875 781 profiteatur,
1908 696 2080 778 quod
2108 696 2162 761 si
2183 695 2544 779 generalem
2566 694 3034 778 expeditionem

770 787 1091 865 decernat,
1138 794 1293 851 tunc
1330 808 1516 871 posse
1566 788 1842 871 Regiam
1900 786 2111 851 Sei-‘⁰¹¹¹
2161 786 2555 868 gravissimis
2606 786 2816 850 causis
2862 785 3036 849 ultro

771 877 1139 942 lacessitam
1185 875 1331 959 jure
1364 876 1605 942 bellum
1638 877 1922 941 indicere
1955 882 2020 940 et
2049 896 2234 941 arma
2263 896 2552 955 movere3
2599 876 2894 957 quamvis
2925 875 3036 939 ad·

770 968 897 1033 huc
943 972 1168 1031 contra
1219 968 1535 1050 Remp⁰⁸¹¹¹
1568 967 1892 1033 hostiliter
1941 965 2073 1030 ullo
2106 967 2294 1031 modo
2333 966 2556 1049 egerit.
2606 966 2690 1030 In
2721 966 3037 1030 Lituania

776 1060 945 1121 enim
980 1057 1035 1122 si
1062 1078 1231 1140 quae
1263 1064 1595 1143 occupata,
1626 1058 1800 1142 ipsos
1831 1058 2074 1121 incolas
2107 1078 2366 1121 causam
2396 1056 2770 1139 praebuisse
2805 1062 2872 1119 et
2903 1077 3037 1119 cre-

770 1147 905 1212 bris
938 1148 1419 1212 excursionibus
1468 1148 1808 1213 Livoniam
1859 1154 2163 1211 vexantes
2213 1146 2489 1229 Regiam
2539 1145 2747 1211 Sei-‘⁶¹¹²
2779 1145 3035 1229 injuriis

772 1259 1162 1321 provocasse.
1194 1238 1385 1304 Unde
1422 1237 1586 1303 Gelu*
1635 1238 1806 1303 Suae
1841 1257 1964 1301 non
1999 1237 2450 1301 inconveniens
2485 1236 2690 1300 videri
2709 1237 2762 1301 si
2785 1236 3035 1319 Respu-

770 1328 938 1394 blica
970 1334 1037 1391 et
1062 1328 1199 1411 jam
1232 1350 1402 1393 nunc
1450 1328 1917 1405 admoveretur,
1951 1349 2030 1391 ne
2062 1327 2300 1410 aliquis
2352 1325 2532 1391 litem
2565 1347 2748 1391 suam
2797 1326 3036 1405 faciat3

771 1416 881 1483 sed
902 1418 1108 1482 bonae
1130 1419 1478 1483 vicinitatis
1492 1420 1643 1503 jura
1663 1419 1962 1483 observet
1981 1424 2333 1499 mutuoque
2353 1438 2578 1499 pacem
2599 1416 2769 1481 colat
2790 1440 2806 1495 3
2839 1438 3032 1499 quam

774 1508 1047 1591 Regiam
1082 1506 1293 1572 Sertem
1314 1509 1510 1593 justis
1544 1516 1611 1573 et
1640 1509 1930 1574 honestis
1964 1506 2434 1572 conditionibus
2470 1506 2682 1571 adhuc
2709 1528 2836 1571 non
2859 1528 3034 1571 recu-

772 1619 934 1662 sare.
983 1598 1091 1664 Sic
1123 1599 1370 1681 sperari
1420 1621 1604 1682 posse
1644 1598 2106 1683 rempublicam
2155 1597 2564 1662 considerata
2603 1599 3034 1681 periculorum

772 1688 1221 1770 magnitudine
1264 1688 1345 1753 ad
1394 1690 1700 1754 iucundas
1735 1691 2217 1772 qualescunque
2249 1688 2427 1771 pacis
2465 1688 2751 1752 rationes
2785 1686 3034 1769 Regem

772 1778 870 1842 vel
903 1778 1209 1842 invictum
1244 1780 1757 1863 compulsuram3
1790 1779 1959 1862 quod
1993 1780 2046 1843 si
2081 1780 2420 1861 contingat
2453 1778 2654 1843 ullam
2686 1777 3037 1843 dubitatio·

774 1888 917 1931 nem
952 1889 1143 1953 super
1174 1868 1499 1949 futuram3
1538 1872 1696 1953 quin
1733 1870 1942 1953 Regia
1975 1869 2166 1934 serm
2195 1875 2392 1951 parta
2425 1869 2653 1951 Regno
2685 1874 2752 1931 et
2771 1870 3035 1970 provin-

772 1958 888 2022 ciis
920 1960 1284 2039 securitate,
1336 1962 1589 2025 comuni
1624 1961 1789 2024 bono
1821 1960 2049 2023 fortius
2084 1958 2422 2023 subvenire
2455 1966 2523 2022 et
2555 1957 2788 2041 majoli
2819 1959 3034 2023 animo

774 2070 1086 2113 summam
1134 2068 1349 2113 lerum
1405 2056 1659 2114 tentare
1710 2051 1868 2114 vale·
1857 2056 1942 2115 at.
1993 2049 2302 2113 Potentia
2351 2070 2498 2113 vero
2549 2047 2945 2113 Polonorum
2981 2049 3030 2113 si

772 2144 1071 2203 accurate
1105 2140 1511 2222 ponderetur,
1563 2141 1785 2204 multis
1818 2140 2218 2222 argumentis
2257 2141 2588 2221 cognitum
2621 2138 2701 2201 iri
2733 2139 3033 2221 Regnum

771 2228 853 2293 ad
885 2228 1319 2293 defensionem
1354 2230 1449 2295 sui
1484 2252 1611 2294 non
1644 2231 2023 2313 exiguarum
2054 2230 2306 2309 virium,
2345 2251 2461 2293 nec
2493 2228 2766 2293 internis
2797 2228 3034 2293 discor-

772 2319 894 2383 diis
928 2324 994 2382 et
1025 2318 1445 2384 fractionibus
1478 2320 1573 2384 ita
1607 2322 1874 2385 scissum
1907 2340 2061 2395 esse,
2116 2324 2186 2383 ut
2220 2328 2489 2384 venturo
2523 2318 2695 2383 hosti
2733 2319 3034 2383 resistere

752 2410 894 2473 ‚tali
915 2416 1067 2472 casu
1098 2415 1419 2492 nequeat,
1451 2418 1518 2473 et
1550 2411 1600 2474 si
1638 2411 1970 2493 pedestres
2005 2410 2225 2493 copiae
2255 2410 2433 2473 intra
2463 2409 2602 2493 ejus
2629 2409 2870 2473 limites
2890 2430 3034 2472 con·

774 2498 1055 2582 scriptae
1087 2520 1314 2582 parum
1349 2508 1685 2582 praestare
1719 2500 1985 2583 possint,
2037 2507 2254 2563 tamen
2287 2520 2414 2565 non
2461 2499 2720 2564 omnino
2751 2504 3033 2563 contem-

774 2588 985 2654 neuda
1006 2610 1172 2672 quae
1193 2588 1275 2654 ad
1295 2588 1557 2656 fluvium
1586 2612 1665 2656 ne
1688 2610 2037 2676 permagno
2058 2610 2322 2654 numero
2353 2589 2757 2674 colligantur.
2793 2589 3032 2655 Secun-
3101 2622 3114 2633 ,

773 2679 855 2743 do
876 2678 1179 2744 adversus
1202 2680 1447 2745 Turcas
1481 2689 1546 2746 et
1576 2681 1891 2746 Tartaros
1924 2682 2170 2764 praelio
2189 2681 2444 2764 saepius
2466 2681 2772 2757 victrices,
2805 2681 2908 2744 cui
2931 2703 3033 2744 ac·

773 2769 977 2846 cedat,
1028 2770 1197 2852 quod
1235 2772 1534 2854 equitatu
1585 2770 1800 2837 va'lida
1831 2793 1906 2836 ac
1937 2773 2103 2835 mira
2135 2773 2269 2835 eius
2308 2772 2642 2836 celeritate
2693 2770 2931 2836 habilis
2965 2777 3033 2834 et

770 2859 1109 2942 aptissima
1158 2861 1242 2925 sit
1292 2860 1375 2925 ad
1424 2861 1764 2945 planitiem
1815 2869 1880 2926 et
1909 2867 2137 2944 aperta
2169 2862 2380 2945 Regni
2413 2863 2511 2927 sui
2544 2860 3032 2944 propugnanda,

772 2950 1013 3014 situum
1032 2956 1099 3014 et
1116 2951 1399 3015 locorum
1434 2952 1816 3034 qualitatem
1851 2952 2156 3016 intuendo
2185 2949 2406 3017 Oelm'nn
2433 2951 2634 3016 Suam
2655 2951 3032 3016 Borussiam

774 3061 992 3104 versus
1024 3041 1327 3106 itinerum
1359 3041 1776 3108 difficultates
1827 3043 2214 3118 observasse,
2265 3063 2338 3106 eo
2371 3041 2540 3125 quod
2591 3041 2820 3106 Poloni
2855 3041 3034 3124 equi-

774 3135 918 3194 tatu
952 3132 1397 3214 praepolleant
1424 3138 1494 3196 et
1514 3133 1840 3215 pedestres
1873 3133 2090 3215 copias
2122 3133 2292 3196 omni
2327 3137 2618 3196 comeatu
2640 3130 3032 3214 prohibituri

776 3220 1130 3297 videantur,
1163 3221 1273 3303 qui
1310 3243 1450 3286 cum
1486 3225 1681 3288 maris
1715 3231 1830 3287 aut
1862 3221 2322 3304 navigabilium
2355 3221 2692 3287 fluviorum
2726 3221 3034 3286 beneficio

774 3309 840 3373 in
865 3316 1081 3375 castra
1112 3310 1514 3376 devehendus
1548 3314 1651 3390 sit,
1684 3313 2074 3377 considerari
2111 3319 2426 3395 oportere,
2459 3311 2632 3394 quod
2663 3312 2741 3374 iis
2775 3312 2842 3374 in
2875 3311 3034 3376 locis

776 3421 901 3463 non
934 3399 1094 3464 adeo
1125 3402 1349 3484 procul
1400 3401 1631 3467 fretum
1668 3402 2066 3480 extendatur,
2121 3408 2193 3466 ut
2223 3402 2449 3466 classis
2497 3401 2804 3466 exercitui
2837 3401 3034 3466 inser-

774 3490 925 3565 vire,
958 3497 1023 3553 et
1054 3511 1371 3554 annonam
1406 3491 1825 3557 sufficientem
1862 3501 2194 3576 asportare
2234 3494 2470 3575 possit3
2517 3491 2782 3556 fluvium
2815 3497 3034 3556 autem

776 3585 1035 3662 praeter
1066 3580 1129 3646 V
1134 3581 1387 3645 istolam
1420 3581 1671 3647 nullum
1706 3583 1994 3666 reperiri,
2045 3603 2235 3664 quem
2266 3583 2476 3664 ipsum
2511 3590 2728 3647 tamen
2767 3582 3034 3647 adverso

775 3669 954 3733 alveo
973 3671 1041 3734 in
1059 3691 1237 3734 mare
1269 3672 1619 3735 exonerari.
1652 3671 1801 3737 Hoc
1833 3673 2032 3755 igitur
2063 3672 2308 3754 Regiae
2341 3671 2523 3738 Sei-¹¹⁸
2585 3674 2800 3736 hostes
2839 3679 3034 3756 ponte

775 3760 1023 3824 munito
1056 3765 1123 3824 et
1153 3761 1493 3844 praesidiis
1526 3761 1782 3826 firmato
1815 3765 1948 3826 sine
1983 3784 2163 3826 mora
2195 3762 2412 3844 junct.
2445 3813 2456 3826 .
2490 3814 2501 3827 .
2534 3814 2546 3826 .
2594 3783 2670 3826 ac
2703 3761 3034 3844 equitatus

776 3849 1188 3914 multitudine
1238 3858 1301 3913 et
1351 3852 1689 3916 velocitate
1741 3853 1939 3936 copiis
1991 3852 2396 3934 pedestribus
2414 3902 2606 3916 .....
2672 3854 3034 3918 necessaria

775 3940 991 4003 omnia
1022 3939 1477 4023 adempturus3
1507 3942 1707 4005 donec
1741 3943 1956 4025 iuopia
1988 3942 2444 4024 laboribusque
2463 3991 2700 4006 ......
2747 3963 3032 4024 pugnam

777 4035 1032 4094 tentare
1063 4037 1130 4093 et
1163 4031 1501 4094 decernere
1556 4033 1776 4114 iniquo
1829 4039 2035 4096 marte
2067 4040 2318 4114 cogant.
2377 4032 2628 4114 Quibus
2678 4033 3032 4115 prudenter

778 4121 1069 4201 expensis
1103 4121 1377 4203 Regiam
1412 4120 1619 4186 Se1·²·'¹'¹
1655 4123 1959 4187 facillime
1988 4123 2592 4205 depraehensuram,
2627 4143 2788 4204 quas
2811 4122 3035 4205 plenas

776 4211 1079 4292 periculis
1142 4210 1557 4276 difficultates
1621 4212 2087 4294 expeditionem
2153 4214 2220 4276 in
2283 4213 2594 4276 Borussia
2671 4218 3030 4294 susceptam

778 4299 957 4380 sequi
1008 4307 1341 4382 oporteat3
1391 4323 1521 4382 qua
1572 4309 1789 4368 tamen
1841 4304 2138 4368 morienti
2188 4300 2581 4368 Germaniae
2632 4302 2918 4368 libertati
2967 4311 3035 4368 et

777 4387 1057 4454 afflictae
1108 4393 1424 4454 communi
1470 4413 1700 4457 causae
1749 4393 1932 4457 tarde
1982 4393 2323 4457 admodum
2374 4393 2661 4458 subsidia
2707 4391 3035 4474 ferautu1·;
