3459 5300
871 340 906 393 6
919 340 950 392 4
962 340 997 393 Ο
1401 340 1426 392 1
1441 340 1512 394 61
1533 340 1588 395 3.
1622 358 1921 395 vmmuczm
1952 348 2204 397 novi-:mx
2244 348 2587 397 nna-:wrsszsnn

868 532 1140 594 nemque
1200 534 1346 577 eum
1407 514 1863 579 Potentissimo
1924 514 2331 598 Imperatore
2393 515 2755 580 'furcarum
2804 514 3129 579 communi

872 624 1094 666 eorum
1126 604 1381 686 Regum
1436 612 1500 669 et
1551 604 1931 688 Principum
1965 604 2248 683 consilio,
2308 606 2773 671 instituendum
2826 610 3129 687 putaret3

869 694 1022 774 quia
1085 698 1304 758 autem
1335 695 1616 760 rationes
1651 716 1779 771 eas,
1816 694 2051 777 quibus
2084 694 2221 760 Sua
2250 694 2582 761 Oelsitudo
2644 696 2835 761 inniti
2898 695 3125 765 voluit,

867 783 1180 848 Dominos
1241 784 1489 867 legatos
1533 784 1993 864 intellecturos,
2041 786 2643 870 approbaturosque
2672 785 2835 851 nihil
2868 784 3130 849 dubitat

869 872 947 936 de
977 873 1056 937 iis
1087 875 1194 939 hic
1220 875 1542 957 agendum
1591 875 1887 958 pluribus
1939 896 2483 958 supervacaneum
2545 877 2941 954 arbitratur3
3006 876 3129 938 hoc

869 969 1128 1027 tantum
1159 971 1405 1047 quanto
1437 966 1628 1030 citius
1661 965 1784 1030 sibi
1831 966 2192 1031 faciendum
2226 988 2363 1031 esse
2395 968 2670 1049 putavit,
2702 973 2774 1031 ut
2805 966 3126 1030 Dominos

866 1053 1118 1135 legatos
1177 1054 1257 1119 de
1319 1054 1416 1120 his
1480 1056 1670 1120 rebus
1703 1062 1770 1119 et
1799 1056 2183 1139 praesertim
2246 1058 2573 1123 voluntate
2636 1079 2757 1121 sua
2816 1056 3129 1121 certiores

868 1145 1186 1227 redderet,
1247 1145 1538 1229 illudque
1600 1146 1700 1211 his
1764 1168 1881 1229 pro
1930 1146 2292 1212 indubitato
2356 1146 2736 1229 significare,
2798 1146 3129 1213 Vesirium

869 1235 1237 1299 Budensem
1269 1237 1506 1319 optime
1553 1258 1708 1319 erga
1742 1238 2067 1319 negotium
2100 1236 2222 1303 hoc
2253 1237 2760 1321 promouendum
2822 1236 3127 1301 effectum

877 1346 1032 1407 esse,
1063 1346 1272 1407 neque
1303 1327 1844 1407 intermissurum,
1879 1328 2035 1410 quin
2066 1328 2387 1393 constanti
2419 1328 2754 1393 voluntate
2786 1326 3125 1391 desideriis

872 1416 1004 1481 suis
1036 1416 1412 1495 satisfaciat,
1474 1418 1955 1499 exercitumque
1988 1423 2053 1482 et
2083 1419 2301 1502 copias
2351 1440 2501 1484 suas
2534 1439 2753 1482 omnes
2785 1418 2953 1481 citra
2984 1415 3129 1481 Ma—

878 1506 1055 1571 rinas
1105 1528 1249 1570 cum
1283 1505 1418 1571 Sua
1449 1506 1848 1572 Celsitudine
1898 1508 2262 1589 coniungat,
2326 1508 2668 1573 dummodo
2733 1506 3129 1571 voluntatem

872 1593 1090 1660 Aulae
1123 1595 1438 1661 Turcicae
1499 1598 1938 1680 mandataque
1970 1600 2093 1663 hac
2125 1598 2205 1662 de
2240 1620 2311 1663 re
2342 1599 2637 1680 accipiat,
2670 1598 2852 1664 cuius
2884 1598 3129 1681 copiae.

875 1707 999 1749 non
1031 1685 1100 1750 id
1131 1692 1228 1750 est
1259 1688 1676 1753 Celsitudinis
1743 1688 1945 1772 ipsius
1978 1688 2338 1765 consilium,
2400 1694 2475 1753 ut
2503 1710 2718 1755 secum
2750 1687 2991 1753 bellum
3024 1708 3127 1769 ge-

875 1781 1044 1855 rant,
1077 1775 1190 1841 sed
1220 1782 1294 1841 ut
1325 1798 1403 1841 ex
1435 1778 1567 1843 alia
1599 1784 1786 1861 parte
1818 1777 2083 1844 Stiriam
2117 1786 2183 1843 et
2211 1777 2556 1844 Austriam
2589 1800 2807 1844 versus
2841 1777 2925 1844 ad
2956 1798 3133 1843 aver-

876 1865 1138 1930 tendum
1171 1866 1466 1949 pluribus
1499 1868 1565 1933 in
1597 1868 1755 1933 locis
1806 1869 2059 1933 hostem
2121 1874 2633 1951 promoveantur,
2690 1876 3131 1949 terroremque

876 1956 1152 2039 sparsim
1183 1958 1505 2038 inferant3
1555 1979 1699 2022 cum
1733 1960 2116 2041 praesertim
2146 1964 2369 2023 tantus
2403 1958 2764 2025 Tui-carum
2794 1960 3131 2035 exercitu3‚

877 2053 940 2110 et
971 2067 1276 2130 praesens
1340 2048 1660 2113 Budensis
1722 2049 1895 2113 illius
1952 2048 2193 2117 Vesirii
2227 2050 2293 2113 in
2325 2051 2559 2115 castris
2622 2070 2897 2132 persona
2960 2048 3129 2113 hosti

875 2138 1155 2202 maxime
1217 2137 1642 2203 formidabilis
1703 2138 2017 2205 videatur.
2064 2140 2243 2204 Illud
2304 2141 2501 2204 etiam
2563 2139 2863 2205 Dominis
2896 2138 3131 2222 legatis

877 2226 1210 2293 Celsitudo
1269 2229 1471 2312 ipsius
1527 2229 2018 2312 significandum
2078 2230 2296 2310 voluit,
2358 2228 2853 2295 Serenissimum
2884 2230 3131 2311 Regem

876 2317 1131 2383 Svetiae
1193 2339 1399 2401 nuper
1460 2320 1943 2384 internuncium
2004 2341 2191 2385 suum
2254 2320 2337 2385 ad
2400 2319 2865 2385 Oelsitudinem
2930 2320 3131 2402 ipsius

875 2409 1143 2486 misisse,
1177 2428 1293 2490 per
1325 2430 1518 2491 quem
1571 2430 1690 2492 pro
1723 2430 1800 2474 ea
1832 2431 1997 2492 quae
2029 2410 2097 2474 in
2132 2408 2531 2475 Gelsitudine
2595 2408 2731 2475 Sua
2792 2408 3133 2474 intercedit

875 2496 1213 2564 affinitatis
1246 2500 1730 2582 necessitudine,
1765 2500 2049 2582 consilia,
2096 2507 2502 2583 mentemque
2532 2520 2714 2565 suam
2746 2521 2891 2568 cum
2923 2498 3133 2564 deela-

877 2594 1071 2667 r‘aret‚
1101 2588 1412 2672 intelligit
1472 2590 1671 2673 ipsius
1735 2589 2068 2657 Celsitudo
2100 2589 2527 2657 Serenissima
2588 2588 2849 2657 Svetiae
2881 2590 3129 2672 Regem

879 2700 953 2743 eo
985 2679 1216 2758 animO,
1249 2681 1706 2764 voluntateque
1740 2703 1895 2760 esse,
1928 2688 2001 2747 ut
2030 2683 2304 2746 Livonia
2364 2680 2577 2747 valido
2638 2681 2845 2746 milite
2894 2680 3133 2763 praesi-

875 2770 1130 2852 diisque
1164 2776 1389 2836 contra
1421 2792 1640 2837 omnes
1702 2772 1904 2854 Regis
1937 2772 2247 2837 Poloniae
2274 2777 2545 2837 conatus
2576 2771 2854 2849 firmata,
2884 2771 3133 2836 munita

877 2860 1126 2943 aliquot
1175 2860 1335 2939 loca,
1357 2883 1524 2944 quae
1555 2884 1682 2926 non
1713 2862 1807 2927 ita
1840 2862 2091 2944 pridem
2122 2863 2189 2927 in
2220 2883 2455 2946 magno
2487 2863 2751 2927 Ducatu
2780 2861 3129 2927 Lituaniae

877 2951 1188 3033 potestati
1219 2971 1375 3016 suae
1407 2951 1799 3033 subiecit,ita
1830 2953 2017 3017 firma
2050 2959 2319 3035 tutaque
2350 2951 2599 3031 reddat,
2631 2971 2709 3016 ne
2742 2951 3135 3036 expugnatio

877 3061 1101 3106 eorum
1130 3042 1345 3105 timeri
1370 3043 1608 3126 possit3
1641 3043 1779 3125 ipse
1810 3049 2029 3108 autem
2063 3044 2335 3107 traiecto
2368 3062 2707 3108 numeroso
2757 3043 3132 3126 potentique

879 3132 1164 3196 exercitu
1226 3153 1340 3214 per
1404 3131 1562 3197 fines
1611 3133 1937 3212 Prussiae‚
1998 3133 2425 3199 Pomeraniae
2474 3138 2541 3196 et
2589 3131 2929 3197 Marehiae
2962 3138 3134 3197 recte

881 3220 1178 3286 Silesiam
1211 3221 1572 3302 contendat,
1605 3222 1821 3306 ibique
1854 3245 1999 3289 61116
2034 3222 2168 3290 Sua
2191 3220 2589 3288 Celsitudine
2621 3223 2839 3304 copias
2872 3228 2939 3286 et
2970 3224 3135 3286 vires

879 3333 1030 3376 suas
1064 3312 1428 3395 coniungat,
1493 3312 1664 3396 quod
1696 3335 1843 3378 cum
1875 3314 2246 3398 propediem
2280 3313 2575 3378 futurum
2639 3313 2777 3378 Sua
2806 3311 3135 3378 Celsitudo

879 3407 1058 3466 certo
1108 3409 1340 3485 speret,
1387 3402 1680 3485 nihilque
1744 3403 1866 3468 sibi
1916 3404 2309 3468 commodius
2370 3404 2673 3485 hostique
2706 3404 3135 3485 importunius

877 3492 1250 3569 arbitretur,
1311 3515 1508 3576 quam
1569 3501 1645 3558 ut
1703 3500 1803 3558 tot
1856 3501 2153 3577 potentes
2186 3494 2533 3558 Exercitus
2595 3493 2814 3576 copias
2870 3491 3135 3557 hostiles

886 3583 1272 3660 distrahant,
1306 3583 1467 3648 nihil
1498 3584 1812 3662 dubitent,
1859 3583 2073 3648 Deum
2107 3583 2373 3648 consilia
2405 3605 2482 3648 ea
2512 3583 2609 3647 ita
2641 3581 3137 3658 fortunatarum,

884 3680 956 3737 ut
988 3674 1115 3738 cito
1147 3679 1444 3756 optatum
1476 3695 1692 3738 rerum
1723 3674 2007 3739 omnium
2070 3672 2261 3738 finem
2294 3674 2573 3738 maximo
2606 3694 2751 3738 cum
2782 3671 3135 3738 vicinarum

884 3764 1176 3845 gentium
1210 3762 1374 3828 bono
1407 3763 1724 3828 affulsisse
1758 3785 1976 3829 omnes
2016 3769 2389 3847 agnoscant.

1097 3853 1246 3918 Hoc
1278 3874 1534 3936 quoque
1593 3876 1722 3919 non
1782 3853 2339 3920 intermittendum
2403 3851 2537 3918 Sua
2590 3851 2923 3918 Oelsitudo
2976 3851 3136 3916 arbi·

888 3949 1060 4008 trata
1092 3951 1206 4026 est,
1240 3945 1396 4028 quin
1458 3945 1731 4010 dominis
1794 3944 2025 4027 legatis
2090 3942 2487 4028 significaret
2518 3963 2587 4007 86
2618 3943 2715 4007 uti
2776 3942 3045 4007 maximi
3073 3943 3134 4004 in

883 4055 1020 4098 rem
1079 4054 1476 4099 communem
1537 4034 2034 4117 promovendam
2096 4035 2405 4100 momenti
2466 4032 2821 4098 amicitiam
2875 4032 3135 4097 societa-

889 4131 1146 4206 temque
1210 4124 1574 4190 Turcarum
1636 4147 1775 4189 esse
1838 4130 2117 4207 putaret,
2179 4124 2272 4188 ita
2338 4122 2781 4189 Serenissimis
2828 4121 3133 4204 RegibuS,

885 4215 1280 4297 caeterisque
1343 4215 1754 4297 Principibus
1805 4235 1878 4278 eo
1910 4221 2099 4299 pacto
2131 4213 2399 4280 consilia
2430 4234 2549 4278 sua
2578 4213 2704 4278 hac
2733 4213 2801 4276 in
2831 4233 2905 4276 re
2936 4211 3134 4276 decla-

887 4326 1080 4384 rasse,
1145 4311 1216 4368 ut
1245 4306 1826 4370 extraordinariam
1858 4304 1940 4369 ab
1972 4304 2266 4369 omnibus
2328 4302 2717 4386 legationem
2777 4299 3135 4368 Constanti-

887 4396 1167 4476 nopolim
1200 4395 1658 4460 instituendam
1691 4415 1829 4460 esse
1862 4396 2237 4472 consuleret,
2269 4414 2542 4476 quorum
2574 4394 2828 4476 Regum
2862 4399 2929 4457 et
2958 4392 3133 4457 Prin·

888 4486 1100 4568 cipum
1132 4485 1366 4567 legati3
1416 4507 1560 4549 cum
1621 4485 1949 4550 commode
1981 4485 2276 4552 Venetiis
2309 4485 2665 4562 convenire,
2686 4482 2975 4564 ‘indeque
3004 4487 3133 4546 tuto
