3459 5300
2570 347 2598 368 ἢ

989 345 1174 402 1626.
1201 353 1466 402 tra-rosim
1499 355 1859 403 oecumenem.
2476 357 2593 404 201

329 525 398 584 et
425 519 626 585 ziffris
657 518 974 586 Venetias
1008 566 1418 585 .......
1467 543 1714 586 summo
1748 544 1893 586 cum
1946 523 2219 602 silentio,
2271 571 2607 589 ......

329 611 798 692 transmittere,
833 629 1001 693 quae
1037 631 1169 690 qua
1201 633 1344 678 cum
1381 612 1716 677 hilaritate
1750 633 1829 678 ac
1859 612 2057 679 animi
2090 613 2610 697 promptitudine

329 703 679 785 praecipue
743 721 896 765 vero
957 701 1248 767 amicitia
1296 709 1362 766 et
1412 702 1979 786 correspondentia
2042 702 2262 768 oblata
2321 709 2387 768 et
2436 704 2611 768 exhi-

325 791 468 856 bita
515 815 556 856 a
606 791 804 856 Serma
851 791 1052 872 Repca
1106 800 1448 875 acceptata
1500 794 1631 858 sint
1653 842 1668 871 ‚
1719 799 1834 858 aut
1887 792 2142 870 fuerint,
2195 793 2610 877 paratissima

323 881 500 946 idem
533 882 858 964 reciproce
890 901 1144 946 summa
1197 883 1324 948 fide
1357 889 1422 947 et
1472 889 1710 948 conatu
1743 903 2073 967 peragere,
2124 904 2255 948 non
2308 890 2407 948 est
2438 884 2609 968 quod

323 972 578 1036 calamo
609 972 712 1035 vel
741 973 968 1054 lingua
999 973 1273 1053 exprimi
1304 975 1525 1057 possit.
1556 971 1733 1038 Nam
1754 979 1944 1038 ‘extra
1982 973 2249 1038 dubium
2281 980 2399 1056 est,
2460 973 2609 1038 Ma-

313 1063 632 1144 jestatem
653 1059 853 1127 Suam
885 1058 1160 1146 primam
1188 1085 1325 1128 esse
1357 1065 1524 1128 inter
1557 1069 1653 1128 tot
1683 1064 2023 1147 Principes
2064 1063 2384 1128 Heroicos
2407 1061 2609 1130 Orbis

323 1158 670 1230 terrarum,
703 1153 884 1217 cuius
915 1149 1263 1237 prudentia
1295 1153 1714 1232 admirabiliS,
1766 1153 2163 1236 experientia
2209 1173 2429 1218 rerum
2480 1155 2607 1220 sin-

324 1242 594 1324 gularia
629 1249 694 1306 et
744 1245 1028 1309 omnium
1083 1245 1408 1309 actionum
1459 1243 1602 1309 finis
1636 1265 1975 1328 oppressos
2028 1240 2332 1326 erigendi,
2367 1245 2607 1310 saluta-

319 1334 416 1398 ris
471 1355 511 1396 a
563 1332 760 1398 Sei-¹¹¹a
817 1333 1022 1418 Rep⁰⁸
1065 1336 1285 1418 magni
1345 1336 1749 1410 aestimatur,
1808 1334 2181 1410 honoratur,
2244 1334 2477 1403 colitur
2539 1343 2607 1400 et

319 1422 725 1488 observatur.
758 1421 1010 1507 Quibus
1043 1429 1110 1492 in
1144 1425 1438 1490 terminis
1473 1427 1672 1495 Seruna
1718 1423 2113 1508 Respublica
2164 1424 2285 1490 hoc
2316 1430 2605 1508 tempore

321 1514 688 1578 constituta
739 1515 844 1592 sit,
878 1520 1034 1598 quin
1091 1515 1440 1598 plusquam
1475 1515 1801 1579 notorium
1833 1521 1948 1593 est,
1979 1535 2106 1579 non
2142 1535 2473 1580 necessum
2506 1522 2605 1581 est

319 1602 624 1686 pluribus
676 1605 1018 1689 explicare.
1086 1605 1318 1689 Neque
1368 1611 1668 1696 apertum
1729 1604 1968 1670 bellum
1993 1655 2007 1684 ‚
2057 1624 2264 1688 neque
2315 1627 2604 1671 securam

319 1715 554 1777 pacem
585 1694 799 1776 habet,
851 1705 1100 1764 sumtus
1151 1704 1370 1762 tamen
1403 1717 1599 1761 causa
1631 1694 1847 1762 Vallis
1880 1695 2173 1760 Tellinae
2205 1716 2323 1779 pro
2354 1715 2604 1762 conser-

319 1784 582 1849 vatione
613 1786 785 1850 tanti
818 1808 1010 1870 quem
1043 1788 1162 1852 alit
1213 1787 1532 1851 exercitus
1565 1785 1972 1850 incredibiles
2005 1790 2071 1849 et
2102 1785 2604 1853 innumerabiles

319 1896 448 1958 per
479 1881 616 1938 tam
645 1875 908 1959 longum
945 1885 1196 1964 tempus
1231 1877 1356 1941 rite
1386 1897 1638 1960 semper
1671 1875 1973 1940 solvendo
2005 1873 2177 1952 facit,
2212 1882 2277 1940 et
2307 1898 2426 1961 pro
2460 1898 2603 1942 con-

317 1964 623 2030 ducendo
675 1967 864 2032 unico
916 1969 1122 2034 milite
1192 1967 1490 2051 gregario
1529 1965 1745 2050 pedite
1800 1971 1833 2028 7
1892 1965 2089 2030 etiam
2142 1971 2181 2030 8
2236 1988 2353 2050 pro
2387 1969 2603 2051 equite

318 2076 478 2118 vero
544 2059 628 2118 70
682 2055 1044 2125 Coronatos
1107 2056 1476 2140 impendere
1539 2077 1871 2120 necessum
1920 2055 2151 2136 habet;
2201 2055 2297 2120 ita
2351 2063 2424 2121 ut
2475 2080 2603 2122 non

319 2145 564 2210 mirum
617 2147 704 2212 sit
741 2169 870 2212 non
909 2149 1120 2214 fontes
1163 2154 1423 2212 tantum
1473 2147 1586 2212 sed
1616 2153 1680 2211 et
1729 2145 1939 2210 maria
1980 2145 2326 2211 exhauriri.
2381 2144 2601 2230 Quare

317 2256 448 2318 ego
482 2238 711 2300 testari
745 2237 967 2302 Sermae
1019 2237 1442 2322 Reipublicae
1493 2236 1681 2302 modo
1733 2257 2038 2320 praesens
2087 2237 2399 2320 temporis
2457 2258 2603 2303 con·

317 2325 488 2391 ditio
541 2332 607 2390 et
657 2327 898 2410 injuria
949 2335 1310 2414 pateretur,
1346 2329 1656 2411 optimam
1690 2348 1767 2392 ac
1801 2326 2345 2410 promptissimam
2380 2327 2598 2392 volun-

319 2421 532 2480 tatem
561 2414 946 2500 fidelemque
977 2419 1400 2484 intentionem
1433 2439 1571 2483 esse
1602 2423 1667 2481 et
1698 2437 1976 2481 manere.

542 2505 768 2586 PorrO,
801 2508 903 2574 Tu
935 2511 1106 2574 nosti
1139 2513 1442 2574 naturam
1475 2514 1543 2572 et
1597 2507 2124 2574 consuetudinem
2172 2527 2402 2586 meam,
2450 2508 2601 2574 scri·

317 2595 516 2680 psisti
535 2601 686 2662 ante
705 2619 945 2664 annum
966 2599 1389 2685 Majestatem
1411 2598 1612 2665 Suam
1641 2596 1929 2683 hyberna
1960 2599 2213 2681 magnis
2234 2619 2377 2663 cum
2400 2600 2601 2684 copijs

319 2690 392 2752 in
429 2688 778 2754 territoriis
818 2688 1242 2755 Caesareanis
1293 2710 1484 2774 agere
1535 2689 1961 2765 constituisse,
2014 2710 2141 2772 quo
2192 2689 2449 2753 nomine
2482 2711 2600 2772 ego

315 2779 524 2842 vitam
554 2800 768 2843 meam
799 2782 1342 2864 oppignorassem,
1374 2779 1486 2845 sed
1519 2801 1634 2864 per
1665 2801 1795 2845 non
1833 2778 2081 2844 conse.
2132 2827 2144 2841 .
2198 2828 2210 2842 .
2260 2778 2597 2846 .effectum

317 2868 529 2933 multo
561 2869 796 2935 rubore
829 2869 1110 2937 suffusus
1141 2892 1298 2939 sum.
1332 2869 1525 2935 Nunc
1555 2870 1793 2934 iterum
1828 2867 1963 2934 Sua
2014 2870 2333 2953 Majestas
2373 2871 2601 2936 scribit

320 2980 470 3023 cum
495 2958 662 3023 bono
681 2958 824 3025 Deo
856 2962 1187 3043 inquiens:
1221 2960 1360 3026 Nos
1388 2960 1660 3044 jamjam
1690 2959 1843 3024 hinc
1874 2958 2282 3023 movebimus,
2314 2958 2502 3025 Haec
2532 2960 2599 3025 in

319 3048 630 3132 Augusto
679 3050 854 3115 data.
921 3052 1278 3116 Praeteriit
1329 3050 1734 3134 September,
1789 3046 2070 3115 October
2120 3056 2187 3113 et
2236 3048 2603 3115 November

319 3139 601 3219 labitur3
653 3162 770 3205 nos
823 3146 1038 3207 tamen
1071 3141 1244 3225 quod
1276 3162 1426 3206 nam
1455 3141 1544 3205 sit
1573 3146 1820 3205 certum
1853 3138 2025 3205 Suae
2056 3138 2423 3205 Maiestatis
2454 3162 2601 3227 pro-

323 3230 627 3311 positum,
665 3230 982 3296 hactenus
1033 3233 1420 3314 ignoramus.
1474 3230 1533 3296 Ο
1565 3252 1680 3296 vae
1715 3229 2114 3314 principibus
2146 3229 2274 3293 illis
2308 3230 2419 3313 qui
2450 3252 2599 3295 suos

328 3320 622 3385 inimicos
657 3319 873 3386 sedem
908 3322 1060 3387 belli
1094 3322 1226 3387 suis
1257 3322 1325 3386 in
1357 3323 1548 3387 terris
1581 3321 1778 3403 figere
1809 3319 2231 3405 permittunt!

539 3410 920 3476 Triennium
949 3434 1066 3495 ego
1099 3435 1244 3476 cum
1277 3410 1413 3478 Sua
1443 3409 1797 3494 Majestate
1830 3410 2131 3489 absumsi,
2164 3431 2415 3493 semper
2448 3410 2603 3478 huic

321 3500 496 3564 malo
545 3508 682 3566 tres
732 3501 1066 3567 Armadas
1117 3501 1544 3567 Caesarianas
1594 3501 1913 3565 ruinando
1964 3500 2392 3580 obviavimus3
2424 3505 2489 3563 et
2520 3501 2598 3565 dc

321 3591 730 3675 expeditione
761 3614 890 3657 non
931 3592 1238 3657 damnum
1289 3592 1401 3657 sed
1449 3592 1699 3656 lucrum
1753 3591 2235 3675 reportavimus.
2286 3590 2479 3654 Nunc
2531 3591 2596 3654 in

323 3681 675 3765 Hungaria
714 3689 1024 3766 quattuor
1055 3680 1384 3747 Armadas
1417 3704 1552 3747 esse
1586 3682 1806 3766 ajunt!
1840 3680 2093 3746 'Furcae
2126 3681 2343 3763 elapso
2376 3701 2596 3744 eorum

325 3778 616 3855 tempore
665 3772 926 3838 domum
981 3772 1289 3838 redeunt!
1342 3771 1773 3856 Transylvani
1823 3769 2196 3837 difficillime
2247 3770 2313 3834 in
2374 3770 2597 3835 ordine

323 3862 772 3927 continentur!
826 3862 1208 3929 Caesariani
1238 3862 1568 3929 commodo
1619 3883 1737 3927 suo
1768 3860 2143 3926 Danubium
2176 3860 2598 3925 asservabunt

319 3952 628 4035 impavidi
651 3958 726 4017 ut
755 3952 1092 4038 quidpiam
1111 3953 1234 4018 sibi
1255 3953 1338 4018 ab
1359 3954 1540 4018 hoste
1555 3952 1807 4017 evenire
1828 3952 2047 4036 possit.
2060 3952 2241 4017 Deus
2261 3952 2346 4015 sit
2356 3951 2597 4015 auxilio

323 4044 566 4125 optimo
587 4042 830 4108 Comiti
862 4042 1332 4109 Mansfeldiae!
1366 4044 1552 4109 Haec
1585 4063 1703 4125 ego
1738 4063 1815 4106 ex
1854 4063 1958 4107 me
1989 4042 2130 4125 ipso
2162 4040 2389 4119 scribo,
2411 4048 2484 4106 ut
2503 4042 2596 4105 in-

319 4152 516 4197 nuam
536 4132 710 4217 quod
728 4135 1133 4217 propositum
1155 4134 1347 4217 hujus
1368 4134 1520 4198 anni
1542 4134 1610 4197 in
1630 4134 1754 4198 hac
1772 4132 1981 4197 forma
2003 4131 2375 4197 inchoatum
2394 4128 2597 4214 (absit

325 4220 703 4308 convitium)
735 4224 898 4289 mihi
925 4244 1054 4288 non
1074 4224 1378 4290 arrideat.
1411 4222 1585 4289 Nam
1607 4224 1661 4288 si
1683 4223 1935 4306 Ungari
1962 4244 2106 4287 cum
2126 4218 2474 4286 Germanis
2495 4222 2595 4285 vel

323 4312 642 4396 Hispanis
694 4312 1080 4397 belligerare
1111 4315 1398 4397 cupiunt,
1431 4334 1759 4379 necessum
1810 4312 2052 4377 habent
2082 4332 2187 4375 eos
2221 4332 2262 4375 a
2292 4312 2595 4377 Danubio

321 4402 394 4465 in
443 4402 584 4468 loca
638 4405 1030 4489 campestria
1096 4404 1412 4469 abducere
1434 4454 1448 4483 ,
1494 4411 1557 4468 et
1607 4403 1833 4468 iisdem
1887 4424 2113 4486 passus
2166 4424 2309 4465 cum
2361 4403 2594 4466 leviore

323 4513 440 4555 suo
472 4496 803 4577 equitatu,
859 4518 939 4559 ne
983 4494 1280 4559 victualia
1331 4495 1412 4559 ad
1447 4500 1660 4558 castra
1709 4493 1935 4556 deduci
1969 4498 2226 4575 queant,
2277 4495 2595 4575 praescin-
