3459 5300
1135 242 1209 297 16
1222 242 1254 297 2
1266 242 1318 298 5.
1357 244 1624 298 anesim
1657 251 2016 299 annurnsux.
2580 246 2602 298 l
2621 246 2695 300 81

447 423 654 483 tantas
691 417 958 501 nuptias
1019 415 1440 481 celebrandas
1503 416 1753 493 invitat,
1818 421 2076 500 gratum
2129 414 2412 501 quidem,
2464 440 2711 503 perque

446 514 792 590 acceptum.
822 504 926 573 At
943 507 1154 590 longe,
1173 504 1680 589 difficillimoque
1709 506 1943 576 itinere
1962 506 2344 591 praepediti,
2376 510 2709 593 precipue-

446 620 560 683 que
579 596 1002 681 Reipublicae
1029 597 1588 664 administratione
1609 597 1895 676 distenti,
1916 600 2131 663 animo
2156 604 2330 663 certe
2364 598 2709 677 aderimuS,

447 710 644 773 quem,
675 694 750 753 ut
789 688 906 753 illa
935 688 1217 771 accipiat
1241 688 1458 771 justae
1492 686 1927 755 excusationis
1976 710 2173 757 causa
2204 709 2532 771 rogamuS,
2564 710 2708 774 gra-

446 781 690 862 tiasque
723 778 803 843 de
833 776 1044 843 officio
1077 778 1349 861 agimus,
1381 778 1552 861 quod
1593 777 1773 844 nulla
1824 800 2111 862 unquam
2164 779 2398 845 obruet
2448 779 2711 859 oblivio,

447 878 512 935 ut
541 890 950 953 quacumque
969 890 1040 933 re
1061 890 1178 934 nos
1201 868 1418 952 parati
1449 868 1761 946 simusad
1793 890 1869 934 ea
1901 869 2292 953 peragenda,
2314 890 2482 953 quae
2504 870 2708 939 Celsi·

445 960 676 1025 tudinis
695 958 973 1027 Vestrae
1007 958 1338 1025 commodo
1370 959 1502 1024 sint
1534 959 1793 1040 futura3
1826 960 2078 1043 sibique
2110 959 2505 1043 persuadeat
2542 959 2707 1027 nihil

444 1071 723 1135 unquam
757 1052 1192 1127 ommissuros‚
1221 1048 1394 1133 quod
1426 1049 1509 1114 ab
1543 1070 1620 1115 ea
1651 1049 2008 1116 desiderari
2038 1049 2259 1134 possit.
2283 1048 2526 1119 Valeat
2562 1050 2707 1120 Oel-

445 1141 646 1207 situdo
665 1140 930 1220 Vestra,
962 1139 1268 1205 diuturne
1331 1137 1511 1219 illam
1545 1146 1808 1206 tueatur
1868 1140 2053 1207 Deus
2112 1150 2178 1213 -l-
2229 1142 2353 1206 143
2406 1175 2493 1187 --
2545 1147 2590 1208 4
2624 1180 2706 1188 —-

447 1239 484 1297 6
513 1230 820 1315 Aloysius
854 1230 1187 1298 Guerinus
1219 1229 1588 1295 seretarius.
1629 1231 1722 1295 Et
1753 1230 1839 1295 da
1868 1234 1973 1295 mo
2024 1232 2122 1297 sia
2152 1252 2342 1315 preso
2374 1232 2491 1299 che
2524 1232 2706 1299 siano

447 1322 571 1389 dati
619 1321 684 1387 in
717 1320 885 1387 dono
917 1320 983 1387 al
1033 1320 1294 1388 sudetto
1325 1318 1588 1404 Agente
1639 1321 1881 1387 Ducati
1916 1319 2123 1388 Cento
2155 1322 2523 1407 cinquanta.

1411 1504 1451 1511 ..-

758 1739 1018 1803 Bethlen
1054 1737 1271 1806 Gdbor
1303 1738 1512 1802 kb'vete
1545 1763 1586 1803 a
1619 1737 1918 1804 velemzei
1966 1743 2185 1803 tancies
2216 1738 2380 1805 ewa.

652 1923 839 1986 1625.
893 1915 1127 2005 (1626)
1163 1924 1247 1984 30
1280 1918 1600 2001 Gennajo.
1636 1917 1773 1985 Che
1821 1920 1984 1986 fatto
2034 1921 2215 1985 venir
2265 1921 2369 1985 nel
2426 1921 2699 2005 collegio

447 2017 654 2077 nostro
685 2010 960 2094 l’agente
1023 2011 1128 2076 del
1176 2009 1413 2093 Signor
1473 2009 1779 2093 Principe
1829 2010 1897 2075 di
1930 2008 2387 2077 Transilvania
2438 2012 2539 2077 col
2588 2034 2705 2077 suo

446 2122 788 2187 compagno
835 2100 926 2184 gli
972 2100 1068 2165 sia
1098 2100 1258 2165 letto
1291 2106 1534 2185 quanto
1572 2122 1785 2185 segue.

646 2190 698 2256 J
702 2190 985 2257 ucundus
1035 2210 1189 2256 sane
1239 2197 1392 2257 tuus
1425 2191 1509 2256 ad
1558 2212 1674 2256 nos
1707 2190 2041 2270 adventus,
2074 2191 2247 2273 quod
2280 2191 2600 2258 excelsum
2634 2199 2700 2265 et

444 2289 760 2367 potentem
792 2280 1163 2364 Principem
1195 2281 1415 2361 refers,
1449 2281 1560 2365 qui
1593 2279 1776 2346 nobis
1809 2286 1909 2347 est
1947 2302 2202 2346 summa
2252 2281 2697 2349 benevolentia

444 2372 826 2457 conjunctuS,
847 2392 1248 2455 summopere
1280 2370 1361 2437 ob
1393 2377 1797 2455 praestantes
1832 2371 1970 2457 ejus
1992 2371 2263 2437 virtutes
2296 2372 2697 2452 aestimatur,

444 2484 916 2549 propensaeque
933 2462 1000 2527 in
1020 2482 1168 2527 eum
1199 2468 1460 2528 nostrae
1480 2462 1796 2528 voluntati
1827 2464 2121 2547 apprime
2153 2462 2515 2547 respondet,
2546 2484 2702 2530 nam

443 2554 604 2639 quod
632 2552 1118 2620 matrimonium
1142 2553 1234 2618 ab
1268 2574 1342 2619 eo
1375 2558 1785 2619 contractum
1818 2574 1961 2618 cum
1984 2553 2345 2621 Catharina
2375 2551 2702 2619 Marchio-

439 2647 533 2713 nis
578 2643 1230 2728 Brandenburgensis
1306 2643 1542 2711 Sorore
1628 2642 1813 2710 nobis
1878 2640 2203 2728 significat
2223 2696 2237 2723 ,
2298 2645 2702 2728 voluptatem

437 2737 636 2817 affert,
685 2733 1182 2820 prudentissime
1233 2736 1402 2802 enim
1452 2735 1612 2802 illud
1651 2733 1983 2801 firmatum
2016 2741 2115 2800 est
2144 2756 2221 2800 ea
2253 2756 2383 2819 spe,
2416 2740 2491 2801 ut
2524 2757 2701 2820 egre-

437 2830 570 2912 gias
601 2827 742 2912 ejus
788 2827 1078 2905 virtutes,
1129 2847 1568 2910 generosaque
1619 2825 1911 2891 facinora
1959 2826 2027 2890 in
2077 2824 2231 2910 filijs
2295 2825 2702 2906 reviviscant,

439 2924 510 2984 ut
536 2923 754 2985 tantos
783 2921 1085 3001 parentes
1118 2917 1540 2996 aemulentur,
1588 2916 1735 2982 ideo
1766 2915 1845 2980 de
1877 2916 1998 2982 hoc
2046 2915 2284 2981 mirum
2332 2918 2400 2982 in
2438 2915 2702 2984 modum

437 3009 776 3087 laetamur,
855 3005 1080 3090 illique
1160 3008 1568 3092 gratulamur
1588 3058 1602 3087 ,
1665 3027 2139 3090 precamurque
2226 3027 2539 3091 prospera
2601 3008 2698 3073 illi

438 3107 678 3182 cuncta,
711 3105 778 3163 et
808 3097 1024 3163 fausta
1052 3097 1349 3181 votisque
1381 3097 1628 3182 aspiret
1658 3096 1856 3163 Deus.
1890 3096 1995 3163 De
2014 3117 2089 3162 eo
2110 3103 2347 3176 autem,
2381 3097 2553 3181 quod
2584 3120 2701 3164 nos

439 3196 498 3256 et
525 3188 948 3275 Reipublicae
987 3183 1332 3254 Senatores
1365 3188 1449 3254 ad
1510 3189 1773 3271 nuptias
1803 3187 2113 3265 invitavit,
2150 3189 2399 3272 gratias
2460 3189 2699 3255 multas

439 3282 720 3366 agimus3
749 3300 971 3344 verum
1003 3278 1087 3344 ad
1119 3299 1228 3344 eas
1279 3278 1698 3345 celebrandas
1738 3284 1877 3343 tum
1909 3277 2197 3344 locorum
2228 3277 2586 3358 intervaIIO,
2618 3279 2699 3345 ob

439 3371 777 3438 transitum
856 3389 972 3452 per
1052 3368 1325 3435 aliorum
1403 3370 1783 3453 Principum
1832 3368 2143 3434 ditionem
2190 3367 2697 3454 difficillimoque

440 3463 674 3541 itinere,
692 3465 836 3526 tum
855 3479 1004 3524 vero
1025 3460 1334 3542 temporis
1365 3460 1697 3540 brevitate,
1719 3457 2145 3543 Reipublicae
2168 3480 2298 3543 qua
2317 3460 2699 3528 distinemur

441 3550 988 3618 administratione
1009 3547 1311 3616 accedere
1344 3572 1472 3617 non
1504 3572 1867 3636 possumus.
1886 3547 2131 3616 Animo
2163 3554 2337 3614 certe
2358 3549 2697 3630 aderimuS,

437 3643 918 3726 jucunditatem,
950 3661 1146 3724 quam
1177 3639 1287 3706 ille
1320 3647 1520 3724 optat,
1571 3641 1960 3726 percepturi.
2012 3639 2200 3705 Haec
2249 3639 2490 3706 referre
2521 3647 2698 3724 pote-

443 3733 574 3799 ritis
603 3738 826 3799 nostro
857 3731 1114 3796 nomine
1145 3736 1327 3797 tanto
1360 3731 1652 3816 Principi
1703 3731 1788 3797 ad
1836 3735 2133 3797 mutuam
2185 3730 2697 3799 benevolentiam

443 3822 952 3900 confirmandam,
986 3821 1220 3906 quibus
1270 3822 1636 3888 addendum
1700 3841 2104 3904 summopere
2142 3826 2439 3904 optamus
2491 3821 2697 3888 eidem

445 3913 716 3998 Principi
771 3917 1018 3978 certum
1067 3917 1132 3978 et
1193 3913 1614 3996 exploratum,
1676 3912 1841 3978 nihil
1890 3911 2025 3977 ullo
2075 3933 2362 3996 unquam
2408 3919 2697 3996 tempore

445 4003 926 4088 Rempublicam
965 4005 1589 4086 praetermissuram,
1611 4003 1784 4087 quod
1817 4001 1900 4068 ad
1932 4003 2071 4087 ejus
2102 4003 2379 4067 nominis
2417 4003 2696 4083 laudem,

449 4094 1052 4249 ῗὲιξὶἱῐυέἰηθωὲυο
1101 4093 1548 4177 adaugendam
1599 4096 1923 4178 pertinere
1974 4092 2091 4158 illa
2128 4090 2569 4159 arbitrabitur.
2618 4106 2683 4168 †
