<?xml version="1.0" encoding="UTF-8"?>
<!DOCTYPE html PUBLIC "-//W3C//DTD XHTML 1.0 Transitional//EN"
    "http://www.w3.org/TR/xhtml1/DTD/xhtml1-transitional.dtd">
<html xmlns="http://www.w3.org/1999/xhtml" xml:lang="en" lang="en">
 <head>
  <title>
</title>
<meta http-equiv="Content-Type" content="text/html;charset=utf-8" />
  <meta name='ocr-system' content='tesseract 3.04.00' />
  <meta name='ocr-capabilities' content='ocr_page ocr_carea ocr_par ocr_line ocrx_word'/>
</head>
<body>
  <div class='ocr_page' id='page_1' title='image "./diplomatariumre00vgoog_0716.png"; bbox 0 0 3459 5300; ppageno 0'>
   <div class='ocr_carea' id='block_1_1' title="bbox 895 339 2614 398">
    <p class='ocr_par' dir='ltr' id='par_1_1' title="bbox 895 339 2614 398">
     <span class='ocr_line' id='line_1_1' title="bbox 895 339 2614 398; baseline 0.001 -2"><span class='ocrx_word' id='word_1_1' title='bbox 895 341 924 394; x_wconf 76' lang='grc'>7</span> <span class='ocrx_word' id='word_1_2' title='bbox 937 341 972 397; x_wconf 84' lang='grc'><strong>0</strong></span> <span class='ocrx_word' id='word_1_3' title='bbox 985 345 1017 396; x_wconf 77' lang='grc'>2</span> <span class='ocrx_word' id='word_1_4' title='bbox 1435 341 1459 396; x_wconf 93' lang='grc'>1</span> <span class='ocrx_word' id='word_1_5' title='bbox 1476 343 1508 396; x_wconf 91' lang='grc'><strong>6</strong></span> <span class='ocrx_word' id='word_1_6' title='bbox 1521 343 1554 396; x_wconf 84' lang='grc'>2</span> <span class='ocrx_word' id='word_1_7' title='bbox 1569 339 1600 396; x_wconf 86' lang='grc'><strong>7</strong></span> <span class='ocrx_word' id='word_1_8' title='bbox 1655 361 1950 398; x_wconf 63' lang='grc' dir='ltr'>γειεκιτκει</span> <span class='ocrx_word' id='word_1_9' title='bbox 1987 351 2238 398; x_wconf 66' lang='grc' dir='ltr'>Κίῑνετιςκ</span> <span class='ocrx_word' id='word_1_10' title='bbox 2272 349 2614 398; x_wconf 62' lang='grc' dir='ltr'>,ιιςιιεκι-έιειει.</span> 
     </span>
    </p>
   </div>
   <div class='ocr_carea' id='block_1_2' title="bbox 883 513 3181 4570">
    <p class='ocr_par' dir='ltr' id='par_1_2' title="bbox 883 513 3181 4389">
     <span class='ocr_line' id='line_1_2' title="bbox 883 513 3149 599; baseline -0 -20"><span class='ocrx_word' id='word_1_11' title='bbox 883 515 1116 598; x_wconf 84' lang='lat' dir='ltr'>accepi.</span> <span class='ocrx_word' id='word_1_12' title='bbox 1169 515 1250 579; x_wconf 91' lang='lat' dir='ltr'>In</span> <span class='ocrx_word' id='word_1_13' title='bbox 1284 516 1363 580; x_wconf 90' lang='lat' dir='ltr'>iis</span> <span class='ocrx_word' id='word_1_14' title='bbox 1413 515 1793 582; x_wconf 89' lang='lat' dir='ltr'>Dominatio</span> <span class='ocrx_word' id='word_1_15' title='bbox 1846 516 2085 582; x_wconf 78' lang='lat' dir='ltr'>Vestra</span> <span class='ocrx_word' id='word_1_16' title='bbox 2156 515 2336 581; x_wconf 88' lang='lat' dir='ltr'>nobis</span> <span class='ocrx_word' id='word_1_17' title='bbox 2388 515 2791 599; x_wconf 85' lang='lat' dir='ltr'>significabat</span> <span class='ocrx_word' id='word_1_18' title='bbox 2845 513 3149 598; x_wconf 82' lang='lat' dir='ltr'>quemad-</span> 
     </span>
     <span class='ocr_line' id='line_1_3' title="bbox 883 605 3149 691; baseline -0.001 -22"><span class='ocrx_word' id='word_1_19' title='bbox 883 605 1146 670; x_wconf 86' lang='lat' dir='ltr'>modum</span> <span class='ocrx_word' id='word_1_20' title='bbox 1211 608 1551 672; x_wconf 75' lang='lat' dir='ltr'>retroactis</span> <span class='ocrx_word' id='word_1_21' title='bbox 1613 606 2027 691; x_wconf 75' lang='lat' dir='ltr'><strong>temporibus,</strong></span> <span class='ocrx_word' id='word_1_22' title='bbox 2090 628 2233 670; x_wconf 90' lang='lat' dir='ltr'>cum</span> <span class='ocrx_word' id='word_1_23' title='bbox 2292 607 2555 671; x_wconf 89' lang='lat' dir='ltr'>Domin</span> <span class='ocrx_word' id='word_1_24' title='bbox 2538 607 2669 672; x_wconf 86' lang='lat' dir='ltr'>atio</span> <span class='ocrx_word' id='word_1_25' title='bbox 2726 605 2787 672; x_wconf 99' lang='grc' dir='ltr'>Υ</span> <span class='ocrx_word' id='word_1_26' title='bbox 2791 613 2969 670; x_wconf 88' lang='lat' dir='ltr'>estra</span> <span class='ocrx_word' id='word_1_27' title='bbox 3030 627 3149 688; x_wconf 87' lang='lat' dir='ltr'>pro</span> 
     </span>
     <span class='ocr_line' id='line_1_4' title="bbox 884 696 3151 782; baseline -0 -24"><span class='ocrx_word' id='word_1_28' title='bbox 884 702 1059 760; x_wconf 82' lang='lat' dir='ltr'>certo</span> <span class='ocrx_word' id='word_1_29' title='bbox 1105 696 1528 762; x_wconf 77' lang='lat' dir='ltr'>intellexisset</span> <span class='ocrx_word' id='word_1_30' title='bbox 1604 697 1825 782; x_wconf 77' lang='lat' dir='ltr'>imper</span> <span class='ocrx_word' id='word_1_31' title='bbox 1828 703 2075 764; x_wconf 74' lang='lat' dir='ltr'>⁶·tt01em</span> <span class='ocrx_word' id='word_1_32' title='bbox 2144 697 2571 762; x_wconf 86' lang='lat' dir='ltr'>Austriacum</span> <span class='ocrx_word' id='word_1_33' title='bbox 2619 717 2841 780; x_wconf 86' lang='lat' dir='ltr'>pacem</span> <span class='ocrx_word' id='word_1_34' title='bbox 2888 702 2955 759; x_wconf 85' lang='lat' dir='ltr'>et-</span> <span class='ocrx_word' id='word_1_35' title='bbox 3004 715 3151 758; x_wconf 88' lang='lat' dir='ltr'>eou-</span> 
     </span>
     <span class='ocr_line' id='line_1_5' title="bbox 887 784 3149 871; baseline -0.001 -22"><span class='ocrx_word' id='word_1_36' title='bbox 887 785 1386 852; x_wconf 73' lang='lat' dir='ltr'>foederationem</span> <span class='ocrx_word' id='word_1_37' title='bbox 1451 809 1592 852; x_wconf 88' lang='lat' dir='ltr'>cum</span> <span class='ocrx_word' id='word_1_38' title='bbox 1661 788 2061 871; x_wconf 81' lang='lat' dir='ltr'>Imperatore</span> <span class='ocrx_word' id='word_1_39' title='bbox 2116 784 2525 852; x_wconf 87' lang='lat' dir='ltr'>Ottomanico</span> <span class='ocrx_word' id='word_1_40' title='bbox 2587 786 2825 851; x_wconf 85' lang='lat' dir='ltr'>factam</span> <span class='ocrx_word' id='word_1_41' title='bbox 2888 786 3149 849; x_wconf 85' lang='lat' dir='ltr'>minime</span> 
     </span>
     <span class='ocr_line' id='line_1_6' title="bbox 886 875 3150 961; baseline -0.002 -21"><span class='ocrx_word' id='word_1_42' title='bbox 886 875 1242 953; x_wconf 79' lang='lat' dir='ltr'>observare,</span> <span class='ocrx_word' id='word_1_43' title='bbox 1271 879 1472 944; x_wconf 89' lang='lat' dir='ltr'>immo</span> <span class='ocrx_word' id='word_1_44' title='bbox 1503 879 1676 942; x_wconf 88' lang='lat' dir='ltr'>omni</span> <span class='ocrx_word' id='word_1_45' title='bbox 1709 879 1923 943; x_wconf 88' lang='lat' dir='ltr'>studio</span> <span class='ocrx_word' id='word_1_46' title='bbox 1956 885 2019 941; x_wconf 90' lang='lat' dir='ltr'>et</span> <span class='ocrx_word' id='word_1_47' title='bbox 2067 899 2276 961; x_wconf 84' lang='lat' dir='ltr'>appar</span> <span class='ocrx_word' id='word_1_48' title='bbox 2278 885 2391 942; x_wconf 89' lang='lat' dir='ltr'>atu</span> <span class='ocrx_word' id='word_1_49' title='bbox 2424 883 2651 941; x_wconf 70' lang='lat' dir='ltr'>contra</span> <span class='ocrx_word' id='word_1_50' title='bbox 2683 882 2935 940; x_wconf 75' lang='lat' dir='ltr'>tentate</span> <span class='ocrx_word' id='word_1_51' title='bbox 2968 875 3150 938; x_wconf 79' lang='lat' dir='ltr'>velle.</span> 
     </span>
     <span class='ocr_line' id='line_1_7' title="bbox 886 965 3155 1070; baseline -0.001 -40"><span class='ocrx_word' id='word_1_52' title='bbox 886 967 1009 1032; x_wconf 88' lang='lat' dir='ltr'>hac</span> <span class='ocrx_word' id='word_1_53' title='bbox 1041 967 1119 1030; x_wconf 85' lang='lat' dir='ltr'>de</span> <span class='ocrx_word' id='word_1_54' title='bbox 1153 989 1350 1032; x_wconf 86' lang='lat' dir='ltr'>causa</span> <span class='ocrx_word' id='word_1_55' title='bbox 1380 968 1523 1032; x_wconf 93' lang='lat' dir='ltr'>Deo</span> <span class='ocrx_word' id='word_1_56' title='bbox 1555 969 1648 1034; x_wconf 87' lang='lat' dir='ltr'>ita</span> <span class='ocrx_word' id='word_1_57' title='bbox 1681 969 2075 1070; x_wconf 79' lang='lat' dir='ltr'>propitiante</span> <span class='ocrx_word' id='word_1_58' title='bbox 2108 967 2485 1032; x_wconf 86' lang='lat' dir='ltr'>Dominatio</span> <span class='ocrx_word' id='word_1_59' title='bbox 2512 967 2755 1037; x_wconf 87' lang='lat' dir='ltr'>Vestra</span> <span class='ocrx_word' id='word_1_60' title='bbox 2786 965 2977 1031; x_wconf 91' lang='lat' dir='ltr'>simul</span> <span class='ocrx_word' id='word_1_61' title='bbox 3010 987 3155 1028; x_wconf 86' lang='lat' dir='ltr'>cum</span> 
     </span>
     <span class='ocr_line' id='line_1_8' title="bbox 886 1055 3153 1124; baseline -0.002 -3"><span class='ocrx_word' id='word_1_62' title='bbox 886 1056 1168 1122; x_wconf 90' lang='lat' dir='ltr'>Domino</span> <span class='ocrx_word' id='word_1_63' title='bbox 1200 1058 1512 1124; x_wconf 86' lang='lat' dir='ltr'>Mustaxa</span> <span class='ocrx_word' id='word_1_64' title='bbox 1552 1059 1763 1123; x_wconf 69' lang='lat' dir='ltr'>Bassa</span> <span class='ocrx_word' id='word_1_65' title='bbox 1796 1080 1871 1122; x_wconf 89' lang='lat' dir='ltr'>ac</span> <span class='ocrx_word' id='word_1_66' title='bbox 1904 1058 2102 1123; x_wconf 86' lang='lat' dir='ltr'>etiam</span> <span class='ocrx_word' id='word_1_67' title='bbox 2154 1059 2347 1124; x_wconf 88' lang='lat' dir='ltr'>certis</span> <span class='ocrx_word' id='word_1_68' title='bbox 2403 1057 2811 1124; x_wconf 83' lang='lat' dir='ltr'>Exercitibus</span> <span class='ocrx_word' id='word_1_69' title='bbox 2844 1055 3153 1122; x_wconf 87' lang='lat' dir='ltr'>Domino-</span> 
     </span>
     <span class='ocr_line' id='line_1_9' title="bbox 885 1147 3154 1231; baseline -0.001 -21"><span class='ocrx_word' id='word_1_70' title='bbox 885 1169 1029 1211; x_wconf 87' lang='lat' dir='ltr'>rum</span> <span class='ocrx_word' id='word_1_71' title='bbox 1111 1149 1362 1231; x_wconf 83' lang='lat' dir='ltr'>Regum</span> <span class='ocrx_word' id='word_1_72' title='bbox 1431 1149 1953 1215; x_wconf 81' lang='lat' dir='ltr'>Christianorum</span> <span class='ocrx_word' id='word_1_73' title='bbox 2018 1147 2617 1214; x_wconf 84' lang='lat' dir='ltr'>confoederatorum</span> <span class='ocrx_word' id='word_1_74' title='bbox 2674 1147 2924 1211; x_wconf 77' lang='lat' dir='ltr'>obviam</span> <span class='ocrx_word' id='word_1_75' title='bbox 2978 1167 3154 1210; x_wconf 81' lang='lat' dir='ltr'>exer·</span> 
     </span>
     <span class='ocr_line' id='line_1_10' title="bbox 887 1235 3155 1322; baseline -0.001 -21"><span class='ocrx_word' id='word_1_76' title='bbox 887 1237 1119 1302; x_wconf 90' lang='lat' dir='ltr'>citibus</span> <span class='ocrx_word' id='word_1_77' title='bbox 1170 1239 1347 1303; x_wconf 91' lang='lat' dir='ltr'>illius</span> <span class='ocrx_word' id='word_1_78' title='bbox 1399 1237 1715 1304; x_wconf 79' lang='lat' dir='ltr'>Germani</span> <span class='ocrx_word' id='word_1_79' title='bbox 1766 1239 2193 1322; x_wconf 85' lang='lat' dir='ltr'>Imperatoris</span> <span class='ocrx_word' id='word_1_80' title='bbox 2244 1240 2503 1303; x_wconf 85' lang='lat' dir='ltr'>veniens</span> <span class='ocrx_word' id='word_1_81' title='bbox 2524 1289 2541 1316; x_wconf 88' lang='lat'>,</span> <span class='ocrx_word' id='word_1_82' title='bbox 2590 1239 2737 1304; x_wconf 90' lang='lat' dir='ltr'>illos</span> <span class='ocrx_word' id='word_1_83' title='bbox 2786 1235 3155 1321; x_wconf 72' lang='lat' dir='ltr'>profligavit</span> 
     </span>
     <span class='ocr_line' id='line_1_11' title="bbox 890 1327 3157 1414; baseline -0.001 -23"><span class='ocrx_word' id='word_1_84' title='bbox 890 1333 1088 1410; x_wconf 91' lang='lat' dir='ltr'>atque</span> <span class='ocrx_word' id='word_1_85' title='bbox 1135 1327 1456 1412; x_wconf 84' lang='lat' dir='ltr'>dispersit,</span> <span class='ocrx_word' id='word_1_86' title='bbox 1487 1329 1583 1393; x_wconf 88' lang='lat' dir='ltr'>ita</span> <span class='ocrx_word' id='word_1_87' title='bbox 1616 1337 1688 1394; x_wconf 92' lang='lat' dir='ltr'>ut</span> <span class='ocrx_word' id='word_1_88' title='bbox 1720 1329 1939 1394; x_wconf 89' lang='lat' dir='ltr'>nullus</span> <span class='ocrx_word' id='word_1_89' title='bbox 1988 1351 2149 1414; x_wconf 88' lang='lat' dir='ltr'>pene</span> <span class='ocrx_word' id='word_1_90' title='bbox 2182 1328 2501 1393; x_wconf 82' lang='lat' dir='ltr'>exercitus</span> <span class='ocrx_word' id='word_1_91' title='bbox 2535 1329 2791 1394; x_wconf 88' lang='lat' dir='ltr'>illorum</span> <span class='ocrx_word' id='word_1_92' title='bbox 2824 1328 2893 1392; x_wconf 90' lang='lat' dir='ltr'>in</span> <span class='ocrx_word' id='word_1_93' title='bbox 2924 1327 3157 1392; x_wconf 79' lang='lat' dir='ltr'>castris</span> 
     </span>
     <span class='ocr_line' id='line_1_12' title="bbox 887 1416 3157 1502; baseline -0.002 -21"><span class='ocrx_word' id='word_1_94' title='bbox 887 1417 1148 1484; x_wconf 87' lang='lat' dir='ltr'>habitus</span> <span class='ocrx_word' id='word_1_95' title='bbox 1199 1419 1414 1499; x_wconf 73' lang='lat' dir='ltr'>fuerit,</span> <span class='ocrx_word' id='word_1_96' title='bbox 1464 1420 1810 1484; x_wconf 85' lang='lat' dir='ltr'>Exercitus</span> <span class='ocrx_word' id='word_1_97' title='bbox 1861 1425 2079 1484; x_wconf 86' lang='lat' dir='ltr'>autem</span> <span class='ocrx_word' id='word_1_98' title='bbox 2128 1419 2553 1502; x_wconf 90' lang='lat' dir='ltr'>Imperatoris</span> <span class='ocrx_word' id='word_1_99' title='bbox 2602 1419 2805 1484; x_wconf 86' lang='lat' dir='ltr'>nostri</span> <span class='ocrx_word' id='word_1_100' title='bbox 2846 1417 2989 1482; x_wconf 84' lang='lat' dir='ltr'>sine</span> <span class='ocrx_word' id='word_1_101' title='bbox 3020 1416 3157 1480; x_wconf 90' lang='lat' dir='ltr'>ullo</span> 
     </span>
     <span class='ocr_line' id='line_1_13' title="bbox 887 1505 3161 1574; baseline -0.001 -2"><span class='ocrx_word' id='word_1_102' title='bbox 887 1507 1284 1572; x_wconf 84' lang='lat' dir='ltr'>detrimento</span> <span class='ocrx_word' id='word_1_103' title='bbox 1307 1511 1392 1574; x_wconf 87' lang='lat' dir='ltr'>ad</span> <span class='ocrx_word' id='word_1_104' title='bbox 1424 1509 1567 1574; x_wconf 88' lang='lat' dir='ltr'>loca</span> <span class='ocrx_word' id='word_1_105' title='bbox 1599 1515 1663 1573; x_wconf 90' lang='lat' dir='ltr'>et</span> <span class='ocrx_word' id='word_1_106' title='bbox 1695 1509 2127 1574; x_wconf 82' lang='lat' dir='ltr'>habitationes</span> <span class='ocrx_word' id='word_1_107' title='bbox 2150 1507 2518 1573; x_wconf 90' lang='lat' dir='ltr'>eorumdem</span> <span class='ocrx_word' id='word_1_108' title='bbox 2548 1508 2784 1572; x_wconf 74' lang='lat' dir='ltr'>reversi</span> <span class='ocrx_word' id='word_1_109' title='bbox 2818 1514 2993 1572; x_wconf 54' lang='lat' dir='ltr'>sunt»</span> <span class='ocrx_word' id='word_1_110' title='bbox 3026 1505 3161 1570; x_wconf 86' lang='lat' dir='ltr'>Do-</span> 
     </span>
     <span class='ocr_line' id='line_1_14' title="bbox 887 1595 3163 1667; baseline -0.001 -6"><span class='ocrx_word' id='word_1_111' title='bbox 887 1598 1156 1664; x_wconf 89' lang='lat' dir='ltr'>minatio</span> <span class='ocrx_word' id='word_1_112' title='bbox 1186 1598 1429 1667; x_wconf 87' lang='lat' dir='ltr'>Vestra</span> <span class='ocrx_word' id='word_1_113' title='bbox 1465 1599 1654 1664; x_wconf 89' lang='lat' dir='ltr'>simul</span> <span class='ocrx_word' id='word_1_114' title='bbox 1673 1621 1817 1664; x_wconf 90' lang='lat' dir='ltr'>cum</span> <span class='ocrx_word' id='word_1_115' title='bbox 1848 1599 2264 1665; x_wconf 83' lang='lat' dir='ltr'>Exercitibus</span> <span class='ocrx_word' id='word_1_116' title='bbox 2285 1599 2785 1664; x_wconf 89' lang='lat' dir='ltr'>christianorum</span> <span class='ocrx_word' id='word_1_117' title='bbox 2806 1595 3163 1663; x_wconf 78' lang='lat' dir='ltr'>Confoede-</span> 
     </span>
     <span class='ocr_line' id='line_1_15' title="bbox 888 1687 3163 1772; baseline 0 -20"><span class='ocrx_word' id='word_1_118' title='bbox 888 1695 1179 1753; x_wconf 88' lang='lat' dir='ltr'>ratorum</span> <span class='ocrx_word' id='word_1_119' title='bbox 1213 1711 1429 1754; x_wconf 90' lang='lat' dir='ltr'>secum</span> <span class='ocrx_word' id='word_1_120' title='bbox 1478 1689 1720 1754; x_wconf 89' lang='lat' dir='ltr'>habitis</span> <span class='ocrx_word' id='word_1_121' title='bbox 1753 1691 1819 1755; x_wconf 90' lang='lat' dir='ltr'>in</span> <span class='ocrx_word' id='word_1_122' title='bbox 1860 1689 2209 1755; x_wconf 87' lang='lat' dir='ltr'>ditionibus</span> <span class='ocrx_word' id='word_1_123' title='bbox 2242 1690 2667 1772; x_wconf 87' lang='lat' dir='ltr'>Imperatoris</span> <span class='ocrx_word' id='word_1_124' title='bbox 2700 1687 3019 1752; x_wconf 88' lang='lat' dir='ltr'>Austriae</span> <span class='ocrx_word' id='word_1_125' title='bbox 3052 1687 3163 1771; x_wconf 71' lang='lat' dir='ltr'>hy·</span> 
     </span>
     <span class='ocr_line' id='line_1_16' title="bbox 889 1779 3165 1864; baseline -0 -22"><span class='ocrx_word' id='word_1_126' title='bbox 889 1780 1198 1845; x_wconf 85' lang='lat' dir='ltr'>emaverit</span> <span class='ocrx_word' id='word_1_127' title='bbox 1265 1786 1331 1843; x_wconf 89' lang='lat' dir='ltr'>et</span> <span class='ocrx_word' id='word_1_128' title='bbox 1392 1785 1788 1847; x_wconf 84' lang='lat' dir='ltr'>commorata</span> <span class='ocrx_word' id='word_1_129' title='bbox 1850 1779 2063 1860; x_wconf 81' lang='lat' dir='ltr'>fuerit3</span> <span class='ocrx_word' id='word_1_130' title='bbox 2125 1786 2392 1864; x_wconf 88' lang='lat' dir='ltr'>propter</span> <span class='ocrx_word' id='word_1_131' title='bbox 2444 1779 2614 1861; x_wconf 90' lang='lat' dir='ltr'>quod</span> <span class='ocrx_word' id='word_1_132' title='bbox 2680 1785 2939 1843; x_wconf 90' lang='lat' dir='ltr'>coactus</span> <span class='ocrx_word' id='word_1_133' title='bbox 2992 1785 3165 1842; x_wconf 86' lang='lat' dir='ltr'>esset</span> 
     </span>
     <span class='ocr_line' id='line_1_17' title="bbox 888 1866 3165 1953; baseline -0.001 -21"><span class='ocrx_word' id='word_1_134' title='bbox 888 1867 1280 1934; x_wconf 86' lang='lat' dir='ltr'>Austriacus</span> <span class='ocrx_word' id='word_1_135' title='bbox 1323 1869 1688 1953; x_wconf 85' lang='lat' dir='ltr'>Imperator</span> <span class='ocrx_word' id='word_1_136' title='bbox 1738 1890 1961 1953; x_wconf 89' lang='lat' dir='ltr'>pacem</span> <span class='ocrx_word' id='word_1_137' title='bbox 2010 1876 2312 1948; x_wconf 83' lang='lat' dir='ltr'>tractare3</span> <span class='ocrx_word' id='word_1_138' title='bbox 2364 1868 2731 1952; x_wconf 83' lang='lat' dir='ltr'>significans</span> <span class='ocrx_word' id='word_1_139' title='bbox 2781 1866 3165 1933; x_wconf 85' lang='lat' dir='ltr'>Dominatio</span> 
     </span>
     <span class='ocr_line' id='line_1_18' title="bbox 889 1957 3167 2045; baseline -0.002 -20"><span class='ocrx_word' id='word_1_140' title='bbox 889 1959 1131 2025; x_wconf 82' lang='lat' dir='ltr'>Vestra</span> <span class='ocrx_word' id='word_1_141' title='bbox 1181 1960 1350 2041; x_wconf 91' lang='lat' dir='ltr'>quod</span> <span class='ocrx_word' id='word_1_142' title='bbox 1393 1959 1517 2024; x_wconf 90' lang='lat' dir='ltr'>Dei</span> <span class='ocrx_word' id='word_1_143' title='bbox 1559 1961 2015 2045; x_wconf 85' lang='lat' dir='ltr'>omnipotentis</span> <span class='ocrx_word' id='word_1_144' title='bbox 2048 1961 2263 2042; x_wconf 85' lang='lat' dir='ltr'>gratia</span> <span class='ocrx_word' id='word_1_145' title='bbox 2299 1959 2505 2025; x_wconf 87' lang='lat' dir='ltr'>Porta</span> <span class='ocrx_word' id='word_1_146' title='bbox 2558 1961 2685 2024; x_wconf 88' lang='lat' dir='ltr'>ista</span> <span class='ocrx_word' id='word_1_147' title='bbox 2745 1957 3167 2024; x_wconf 82' lang='lat' dir='ltr'>Ottomanica</span> 
     </span>
     <span class='ocr_line' id='line_1_19' title="bbox 892 2047 3167 2133; baseline -0.001 -20"><span class='ocrx_word' id='word_1_148' title='bbox 892 2051 1501 2133; x_wconf 84' lang='lat' dir='ltr'>opportunissimam</span> <span class='ocrx_word' id='word_1_149' title='bbox 1541 2051 1939 2115; x_wconf 87' lang='lat' dir='ltr'>occasionem</span> <span class='ocrx_word' id='word_1_150' title='bbox 1978 2049 2248 2115; x_wconf 88' lang='lat' dir='ltr'>haberet</span> <span class='ocrx_word' id='word_1_151' title='bbox 2279 2054 2567 2133; x_wconf 82' lang='lat' dir='ltr'>tempore</span> <span class='ocrx_word' id='word_1_152' title='bbox 2596 2051 2721 2115; x_wconf 89' lang='lat' dir='ltr'>isto</span> <span class='ocrx_word' id='word_1_153' title='bbox 2752 2049 2885 2113; x_wconf 82' lang='lat' dir='ltr'>sive</span> <span class='ocrx_word' id='word_1_154' title='bbox 2920 2047 3167 2112; x_wconf 86' lang='lat' dir='ltr'>bellum</span> 
     </span>
     <span class='ocr_line' id='line_1_20' title="bbox 895 2137 3166 2223; baseline -0.001 -20"><span class='ocrx_word' id='word_1_155' title='bbox 895 2140 1156 2222; x_wconf 84' lang='lat' dir='ltr'>gerendi</span> <span class='ocrx_word' id='word_1_156' title='bbox 1204 2141 1332 2205; x_wconf 85' lang='lat' dir='ltr'>sive</span> <span class='ocrx_word' id='word_1_157' title='bbox 1384 2161 1605 2223; x_wconf 84' lang='lat' dir='ltr'>pacem</span> <span class='ocrx_word' id='word_1_158' title='bbox 1657 2140 2001 2217; x_wconf 85' lang='lat' dir='ltr'>tractandi,</span> <span class='ocrx_word' id='word_1_159' title='bbox 2052 2140 2329 2204; x_wconf 88' lang='lat' dir='ltr'>Interim</span> <span class='ocrx_word' id='word_1_160' title='bbox 2389 2189 2717 2204; x_wconf 92' lang='grc'><strong>........</strong></span> <span class='ocrx_word' id='word_1_161' title='bbox 2778 2140 2845 2202; x_wconf 91' lang='lat' dir='ltr'>in</span> <span class='ocrx_word' id='word_1_162' title='bbox 2897 2137 3166 2220; x_wconf 86' lang='lat' dir='ltr'>bellige-</span> 
     </span>
     <span class='ocr_line' id='line_1_21' title="bbox 895 2228 3169 2312; baseline -0.001 -19"><span class='ocrx_word' id='word_1_163' title='bbox 895 2228 1114 2294; x_wconf 86' lang='lat' dir='ltr'>randis</span> <span class='ocrx_word' id='word_1_164' title='bbox 1163 2231 1358 2296; x_wconf 87' lang='lat' dir='ltr'>etiam</span> <span class='ocrx_word' id='word_1_165' title='bbox 1404 2229 1643 2296; x_wconf 88' lang='lat' dir='ltr'>habere</span> <span class='ocrx_word' id='word_1_166' title='bbox 1690 2231 1962 2296; x_wconf 90' lang='lat' dir='ltr'>Portam</span> <span class='ocrx_word' id='word_1_167' title='bbox 2014 2232 2207 2295; x_wconf 88' lang='lat' dir='ltr'>istam</span> <span class='ocrx_word' id='word_1_168' title='bbox 2239 2228 2717 2296; x_wconf 88' lang='lat' dir='ltr'>Ottomanicam</span> <span class='ocrx_word' id='word_1_169' title='bbox 2751 2228 3169 2312; x_wconf 85' lang='lat' dir='ltr'>opportunis-</span> 
     </span>
     <span class='ocr_line' id='line_1_22' title="bbox 893 2317 3169 2405; baseline -0.002 -21"><span class='ocrx_word' id='word_1_170' title='bbox 893 2321 1129 2385; x_wconf 88' lang='lat' dir='ltr'>simum.</span> <span class='ocrx_word' id='word_1_171' title='bbox 1179 2327 1430 2405; x_wconf 90' lang='lat' dir='ltr'>tempus</span> <span class='ocrx_word' id='word_1_172' title='bbox 1475 2321 1645 2404; x_wconf 89' lang='lat' dir='ltr'>quod</span> <span class='ocrx_word' id='word_1_173' title='bbox 1696 2342 1826 2384; x_wconf 89' lang='lat' dir='ltr'>non</span> <span class='ocrx_word' id='word_1_174' title='bbox 1875 2319 2137 2386; x_wconf 89' lang='lat' dir='ltr'>aliunde</span> <span class='ocrx_word' id='word_1_175' title='bbox 2206 2320 2330 2384; x_wconf 91' lang='lat' dir='ltr'>nisi</span> <span class='ocrx_word' id='word_1_176' title='bbox 2392 2341 2471 2384; x_wconf 86' lang='lat' dir='ltr'>ex</span> <span class='ocrx_word' id='word_1_177' title='bbox 2532 2320 2843 2384; x_wconf 85' lang='lat' dir='ltr'>relatione</span> <span class='ocrx_word' id='word_1_178' title='bbox 2894 2317 3169 2382; x_wconf 81' lang='lat' dir='ltr'>Domini</span> 
     </span>
     <span class='ocr_line' id='line_1_23' title="bbox 895 2408 3171 2495; baseline -0 -22"><span class='ocrx_word' id='word_1_179' title='bbox 895 2408 1242 2476; x_wconf 88' lang='lat' dir='ltr'>Mustazan</span> <span class='ocrx_word' id='word_1_180' title='bbox 1304 2413 1547 2477; x_wconf 87' lang='lat' dir='ltr'>Passae</span> <span class='ocrx_word' id='word_1_181' title='bbox 1611 2417 1883 2494; x_wconf 88' lang='lat' dir='ltr'>possunt</span> <span class='ocrx_word' id='word_1_182' title='bbox 1946 2431 2359 2495; x_wconf 82' lang='lat' dir='ltr'>cognoscere3</span> <span class='ocrx_word' id='word_1_183' title='bbox 2422 2416 2689 2494; x_wconf 87' lang='lat' dir='ltr'>propter</span> <span class='ocrx_word' id='word_1_184' title='bbox 2754 2408 2925 2492; x_wconf 89' lang='lat' dir='ltr'>quod</span> <span class='ocrx_word' id='word_1_185' title='bbox 2957 2409 3171 2472; x_wconf 74' lang='lat' dir='ltr'>visum</span> 
     </span>
     <span class='ocr_line' id='line_1_24' title="bbox 895 2497 3169 2586; baseline -0.001 -23"><span class='ocrx_word' id='word_1_186' title='bbox 895 2500 1120 2566; x_wconf 87' lang='lat' dir='ltr'>fuisset</span> <span class='ocrx_word' id='word_1_187' title='bbox 1151 2501 1593 2568; x_wconf 87' lang='lat' dir='ltr'>Dominationi</span> <span class='ocrx_word' id='word_1_188' title='bbox 1653 2501 1933 2569; x_wconf 87' lang='lat' dir='ltr'>Vestrae</span> <span class='ocrx_word' id='word_1_189' title='bbox 1985 2501 2169 2584; x_wconf 89' lang='lat' dir='ltr'>quasi</span> <span class='ocrx_word' id='word_1_190' title='bbox 2220 2521 2337 2586; x_wconf 87' lang='lat' dir='ltr'>per</span> <span class='ocrx_word' id='word_1_191' title='bbox 2386 2499 2643 2565; x_wconf 91' lang='lat' dir='ltr'>modum</span> <span class='ocrx_word' id='word_1_192' title='bbox 2682 2497 2985 2565; x_wconf 85' lang='lat' dir='ltr'>Censoris</span> <span class='ocrx_word' id='word_1_193' title='bbox 3020 2497 3169 2562; x_wconf 84' lang='lat' dir='ltr'>Mu-</span> 
     </span>
     <span class='ocr_line' id='line_1_25' title="bbox 896 2589 3172 2658; baseline -0.001 -3"><span class='ocrx_word' id='word_1_194' title='bbox 896 2596 1142 2657; x_wconf 85' lang='lat' dir='ltr'>stazam</span> <span class='ocrx_word' id='word_1_195' title='bbox 1192 2593 1463 2658; x_wconf 88' lang='lat' dir='ltr'>Passam</span> <span class='ocrx_word' id='word_1_196' title='bbox 1517 2590 1831 2657; x_wconf 82' lang='lat' dir='ltr'>advocare</span> <span class='ocrx_word' id='word_1_197' title='bbox 1894 2597 1959 2656; x_wconf 94' lang='lat' dir='ltr'>et</span> <span class='ocrx_word' id='word_1_198' title='bbox 2019 2591 2102 2658; x_wconf 90' lang='lat' dir='ltr'>ab</span> <span class='ocrx_word' id='word_1_199' title='bbox 2162 2590 2385 2656; x_wconf 89' lang='lat' dir='ltr'>eodem</span> <span class='ocrx_word' id='word_1_200' title='bbox 2449 2592 2607 2657; x_wconf 88' lang='lat' dir='ltr'>istas</span> <span class='ocrx_word' id='word_1_201' title='bbox 2672 2589 3172 2655; x_wconf 83' lang='lat' dir='ltr'>commoditates</span> 
     </span>
     <span class='ocr_line' id='line_1_26' title="bbox 897 2677 3173 2765; baseline -0.002 -21"><span class='ocrx_word' id='word_1_202' title='bbox 897 2683 1243 2765; x_wconf 86' lang='lat' dir='ltr'>expiscare.</span> <span class='ocrx_word' id='word_1_203' title='bbox 1306 2682 1567 2748; x_wconf 89' lang='lat' dir='ltr'>Literas</span> <span class='ocrx_word' id='word_1_204' title='bbox 1633 2687 1768 2747; x_wconf 86' lang='lat' dir='ltr'>tam</span> <span class='ocrx_word' id='word_1_205' title='bbox 1800 2682 2278 2747; x_wconf 87' lang='lat' dir='ltr'>Dominationis</span> <span class='ocrx_word' id='word_1_206' title='bbox 2310 2680 2589 2748; x_wconf 88' lang='lat' dir='ltr'>Vestrae</span> <span class='ocrx_word' id='word_1_207' title='bbox 2637 2702 2832 2764; x_wconf 87' lang='lat' dir='ltr'>quam</span> <span class='ocrx_word' id='word_1_208' title='bbox 2866 2677 3173 2745; x_wconf 85' lang='lat' dir='ltr'>Oratoris</span> 
     </span>
     <span class='ocr_line' id='line_1_27' title="bbox 896 2769 3175 2857; baseline -0 -23"><span class='ocrx_word' id='word_1_209' title='bbox 896 2772 1089 2837; x_wconf 88' lang='lat' dir='ltr'>simul</span> <span class='ocrx_word' id='word_1_210' title='bbox 1119 2773 1393 2855; x_wconf 87' lang='lat' dir='ltr'>ipsemet</span> <span class='ocrx_word' id='word_1_211' title='bbox 1425 2794 1541 2857; x_wconf 86' lang='lat' dir='ltr'>ego</span> <span class='ocrx_word' id='word_1_212' title='bbox 1605 2770 2029 2853; x_wconf 78' lang='lat' dir='ltr'>Sei-enissimo</span> <span class='ocrx_word' id='word_1_213' title='bbox 2068 2772 2461 2855; x_wconf 89' lang='lat' dir='ltr'>Imperatori</span> <span class='ocrx_word' id='word_1_214' title='bbox 2499 2778 2721 2837; x_wconf 87' lang='lat' dir='ltr'>nostro</span> <span class='ocrx_word' id='word_1_215' title='bbox 2758 2769 3047 2848; x_wconf 80' lang='lat' dir='ltr'>exhibui,</span> <span class='ocrx_word' id='word_1_216' title='bbox 3092 2790 3175 2833; x_wconf 87' lang='lat' dir='ltr'>ac</span> 
     </span>
     <span class='ocr_line' id='line_1_28' title="bbox 897 2862 3175 2947; baseline -0.002 -21"><span class='ocrx_word' id='word_1_217' title='bbox 897 2864 1057 2927; x_wconf 87' lang='lat' dir='ltr'>satis</span> <span class='ocrx_word' id='word_1_218' title='bbox 1106 2863 1469 2928; x_wconf 88' lang='lat' dir='ltr'>luculenter</span> <span class='ocrx_word' id='word_1_219' title='bbox 1519 2864 1859 2947; x_wconf 82' lang='lat' dir='ltr'>proposui3</span> <span class='ocrx_word' id='word_1_220' title='bbox 1893 2884 2059 2945; x_wconf 89' lang='lat' dir='ltr'>quae</span> <span class='ocrx_word' id='word_1_221' title='bbox 2122 2862 2293 2947; x_wconf 88' lang='lat' dir='ltr'>apud</span> <span class='ocrx_word' id='word_1_222' title='bbox 2353 2862 2826 2945; x_wconf 90' lang='lat' dir='ltr'>Imperatorem</span> <span class='ocrx_word' id='word_1_223' title='bbox 2876 2868 3175 2925; x_wconf 88' lang='lat' dir='ltr'>nostrum</span> 
     </span>
     <span class='ocr_line' id='line_1_29' title="bbox 898 2949 3175 3037; baseline -0.002 -22"><span class='ocrx_word' id='word_1_224' title='bbox 898 2974 1094 3034; x_wconf 86' lang='lat' dir='ltr'>quam</span> <span class='ocrx_word' id='word_1_225' title='bbox 1131 2953 1628 3023; x_wconf 90' lang='lat' dir='ltr'>iucundissimae</span> <span class='ocrx_word' id='word_1_226' title='bbox 1667 2952 1945 3031; x_wconf 89' lang='lat' dir='ltr'>fuerunt,</span> <span class='ocrx_word' id='word_1_227' title='bbox 1980 2959 2047 3017; x_wconf 90' lang='lat' dir='ltr'>et</span> <span class='ocrx_word' id='word_1_228' title='bbox 2078 2959 2421 3037; x_wconf 87' lang='lat' dir='ltr'>propterea</span> <span class='ocrx_word' id='word_1_229' title='bbox 2452 2952 2651 3017; x_wconf 86' lang='lat' dir='ltr'>facies</span> <span class='ocrx_word' id='word_1_230' title='bbox 2684 2949 3175 3015; x_wconf 82' lang='lat' dir='ltr'>Dominationis</span> 
     </span>
     <span class='ocr_line' id='line_1_30' title="bbox 899 3042 3175 3127; baseline -0.003 -17"><span class='ocrx_word' id='word_1_231' title='bbox 899 3042 1178 3110; x_wconf 88' lang='lat' dir='ltr'>Vestrae</span> <span class='ocrx_word' id='word_1_232' title='bbox 1229 3044 1401 3127; x_wconf 88' lang='lat' dir='ltr'>apud</span> <span class='ocrx_word' id='word_1_233' title='bbox 1453 3045 1930 3127; x_wconf 86' lang='lat' dir='ltr'>Imperatorem</span> <span class='ocrx_word' id='word_1_234' title='bbox 1988 3049 2279 3108; x_wconf 89' lang='lat' dir='ltr'>nostrum</span> <span class='ocrx_word' id='word_1_235' title='bbox 2332 3047 2430 3106; x_wconf 90' lang='lat' dir='ltr'>est</span> <span class='ocrx_word' id='word_1_236' title='bbox 2477 3042 2725 3125; x_wconf 84' lang='lat' dir='ltr'>fulgida</span> <span class='ocrx_word' id='word_1_237' title='bbox 2773 3047 2973 3122; x_wconf 91' lang='lat' dir='ltr'>atque</span> <span class='ocrx_word' id='word_1_238' title='bbox 3024 3060 3175 3122; x_wconf 85' lang='lat' dir='ltr'>gra-</span> 
     </span>
     <span class='ocr_line' id='line_1_31' title="bbox 901 3130 3174 3217; baseline -0.001 -22"><span class='ocrx_word' id='word_1_239' title='bbox 901 3134 1168 3211; x_wconf 81' lang='lat' dir='ltr'>tissima,</span> <span class='ocrx_word' id='word_1_240' title='bbox 1199 3133 1712 3217; x_wconf 88' lang='lat' dir='ltr'>delectabileque</span> <span class='ocrx_word' id='word_1_241' title='bbox 1774 3132 1841 3198; x_wconf 88' lang='lat' dir='ltr'>id</span> <span class='ocrx_word' id='word_1_242' title='bbox 1894 3134 2063 3214; x_wconf 87' lang='lat' dir='ltr'>quod</span> <span class='ocrx_word' id='word_1_243' title='bbox 2115 3132 2181 3196; x_wconf 88' lang='lat' dir='ltr'>in</span> <span class='ocrx_word' id='word_1_244' title='bbox 2230 3132 2577 3216; x_wconf 87' lang='lat' dir='ltr'>praedictis</span> <span class='ocrx_word' id='word_1_245' title='bbox 2617 3131 2851 3196; x_wconf 87' lang='lat' dir='ltr'>litteris</span> <span class='ocrx_word' id='word_1_246' title='bbox 2884 3130 3174 3194; x_wconf 88' lang='lat' dir='ltr'>contiue-</span> 
     </span>
     <span class='ocr_line' id='line_1_32' title="bbox 901 3221 3177 3306; baseline -0.002 -20"><span class='ocrx_word' id='word_1_247' title='bbox 901 3229 1023 3287; x_wconf 92' lang='lat' dir='ltr'>tur.</span> <span class='ocrx_word' id='word_1_248' title='bbox 1088 3221 1276 3306; x_wconf 82' lang='lat' dir='ltr'>Quod</span> <span class='ocrx_word' id='word_1_249' title='bbox 1310 3224 1545 3289; x_wconf 89' lang='lat' dir='ltr'>attinet</span> <span class='ocrx_word' id='word_1_250' title='bbox 1599 3247 1677 3288; x_wconf 89' lang='lat' dir='ltr'>ex</span> <span class='ocrx_word' id='word_1_251' title='bbox 1727 3223 1921 3288; x_wconf 90' lang='lat' dir='ltr'>Buda</span> <span class='ocrx_word' id='word_1_252' title='bbox 1960 3222 2273 3288; x_wconf 83' lang='lat' dir='ltr'>advocare</span> <span class='ocrx_word' id='word_1_253' title='bbox 2306 3221 2677 3287; x_wconf 81' lang='lat' dir='ltr'>Mustazam</span> <span class='ocrx_word' id='word_1_254' title='bbox 2721 3222 2995 3286; x_wconf 88' lang='lat' dir='ltr'>Passam</span> <span class='ocrx_word' id='word_1_255' title='bbox 3027 3221 3177 3283; x_wconf 80' lang='lat' dir='ltr'>istis</span> 
     </span>
     <span class='ocr_line' id='line_1_33' title="bbox 897 3310 3178 3397; baseline -0.002 -20"><span class='ocrx_word' id='word_1_256' title='bbox 897 3314 1293 3397; x_wconf 85' lang='lat' dir='ltr'>temporibus</span> <span class='ocrx_word' id='word_1_257' title='bbox 1338 3321 1402 3380; x_wconf 86' lang='lat' dir='ltr'>et</span> <span class='ocrx_word' id='word_1_258' title='bbox 1433 3316 1730 3397; x_wconf 88' lang='lat' dir='ltr'>ingresus</span> <span class='ocrx_word' id='word_1_259' title='bbox 1766 3314 1902 3378; x_wconf 89' lang='lat' dir='ltr'>eius</span> <span class='ocrx_word' id='word_1_260' title='bbox 1940 3312 2024 3378; x_wconf 87' lang='lat' dir='ltr'>ad</span> <span class='ocrx_word' id='word_1_261' title='bbox 2060 3313 2231 3378; x_wconf 87' lang='lat' dir='ltr'>hanc</span> <span class='ocrx_word' id='word_1_262' title='bbox 2261 3313 2547 3389; x_wconf 87' lang='lat' dir='ltr'>Portam,</span> <span class='ocrx_word' id='word_1_263' title='bbox 2580 3311 3008 3378; x_wconf 89' lang='lat' dir='ltr'>Serenissimo</span> <span class='ocrx_word' id='word_1_264' title='bbox 3041 3310 3178 3374; x_wconf 86' lang='lat' dir='ltr'>Im-</span> 
     </span>
     <span class='ocr_line' id='line_1_34' title="bbox 901 3401 3179 3487; baseline -0.001 -21"><span class='ocrx_word' id='word_1_265' title='bbox 901 3406 1183 3486; x_wconf 83' lang='lat' dir='ltr'>peratori</span> <span class='ocrx_word' id='word_1_266' title='bbox 1219 3411 1438 3469; x_wconf 91' lang='lat' dir='ltr'>nostro</span> <span class='ocrx_word' id='word_1_267' title='bbox 1470 3403 1875 3487; x_wconf 84' lang='lat' dir='ltr'>caeterisque</span> <span class='ocrx_word' id='word_1_268' title='bbox 1924 3404 2239 3481; x_wconf 88' lang='lat' dir='ltr'>omnibus,</span> <span class='ocrx_word' id='word_1_269' title='bbox 2272 3401 2350 3466; x_wconf 91' lang='lat' dir='ltr'>de</span> <span class='ocrx_word' id='word_1_270' title='bbox 2402 3424 2676 3485; x_wconf 88' lang='lat' dir='ltr'>quorum</span> <span class='ocrx_word' id='word_1_271' title='bbox 2710 3423 2905 3467; x_wconf 85' lang='lat' dir='ltr'>causa</span> <span class='ocrx_word' id='word_1_272' title='bbox 2936 3402 3179 3482; x_wconf 80' lang='lat' dir='ltr'>agitur,</span> 
     </span>
     <span class='ocr_line' id='line_1_35' title="bbox 900 3490 3178 3578; baseline -0.002 -21"><span class='ocrx_word' id='word_1_273' title='bbox 900 3494 1077 3559; x_wconf 89' lang='lat' dir='ltr'>nullo</span> <span class='ocrx_word' id='word_1_274' title='bbox 1144 3495 1334 3559; x_wconf 87' lang='lat' dir='ltr'>modo</span> <span class='ocrx_word' id='word_1_275' title='bbox 1395 3496 1629 3578; x_wconf 87' lang='lat' dir='ltr'>placet,</span> <span class='ocrx_word' id='word_1_276' title='bbox 1697 3500 1964 3577; x_wconf 86' lang='lat' dir='ltr'>propter</span> <span class='ocrx_word' id='word_1_277' title='bbox 2026 3499 2233 3558; x_wconf 87' lang='lat' dir='ltr'>certas</span> <span class='ocrx_word' id='word_1_278' title='bbox 2297 3493 2579 3558; x_wconf 88' lang='lat' dir='ltr'>rationes</span> <span class='ocrx_word' id='word_1_279' title='bbox 2618 3514 2780 3576; x_wconf 86' lang='lat' dir='ltr'>quas</span> <span class='ocrx_word' id='word_1_280' title='bbox 2845 3491 2949 3556; x_wconf 90' lang='lat' dir='ltr'>bic</span> <span class='ocrx_word' id='word_1_281' title='bbox 3012 3490 3178 3554; x_wconf 89' lang='lat' dir='ltr'>mihi</span> 
     </span>
     <span class='ocr_line' id='line_1_36' title="bbox 899 3580 3179 3669; baseline -0.002 -22"><span class='ocrx_word' id='word_1_282' title='bbox 899 3604 1230 3649; x_wconf 88' lang='lat' dir='ltr'>recensere</span> <span class='ocrx_word' id='word_1_283' title='bbox 1277 3606 1831 3669; x_wconf 85' lang='lat' dir='ltr'>supervacaneum</span> <span class='ocrx_word' id='word_1_284' title='bbox 1877 3588 2013 3663; x_wconf 88' lang='lat' dir='ltr'>est;</span> <span class='ocrx_word' id='word_1_285' title='bbox 2065 3590 2281 3647; x_wconf 85' lang='lat' dir='ltr'>tamen</span> <span class='ocrx_word' id='word_1_286' title='bbox 2346 3582 2543 3648; x_wconf 88' lang='lat' dir='ltr'>habet</span> <span class='ocrx_word' id='word_1_287' title='bbox 2593 3581 2834 3649; x_wconf 87' lang='lat' dir='ltr'>Orator</span> <span class='ocrx_word' id='word_1_288' title='bbox 2902 3588 3055 3645; x_wconf 89' lang='lat' dir='ltr'>tuus</span> <span class='ocrx_word' id='word_1_289' title='bbox 3102 3580 3179 3643; x_wconf 88' lang='lat' dir='ltr'>in</span> 
     </span>
     <span class='ocr_line' id='line_1_37' title="bbox 899 3669 3181 3741; baseline -0.002 -4"><span class='ocrx_word' id='word_1_290' title='bbox 899 3674 1251 3739; x_wconf 86' lang='lat' dir='ltr'>commissis</span> <span class='ocrx_word' id='word_1_291' title='bbox 1337 3677 1624 3741; x_wconf 90' lang='lat' dir='ltr'>rationes</span> <span class='ocrx_word' id='word_1_292' title='bbox 1710 3674 1872 3739; x_wconf 85' lang='lat' dir='ltr'>istas</span> <span class='ocrx_word' id='word_1_293' title='bbox 1947 3673 2355 3739; x_wconf 85' lang='lat' dir='ltr'>rescribendi.</span> <span class='ocrx_word' id='word_1_294' title='bbox 2457 3673 2903 3738; x_wconf 86' lang='lat' dir='ltr'>Intelleximus</span> <span class='ocrx_word' id='word_1_295' title='bbox 2972 3669 3181 3735; x_wconf 86' lang='lat' dir='ltr'>etiam</span> 
     </span>
     <span class='ocr_line' id='line_1_38' title="bbox 899 3762 3181 3848; baseline -0.002 -21"><span class='ocrx_word' id='word_1_296' title='bbox 899 3764 1110 3848; x_wconf 90' lang='lat' dir='ltr'>ipsum</span> <span class='ocrx_word' id='word_1_297' title='bbox 1142 3764 1510 3831; x_wconf 86' lang='lat' dir='ltr'>Mustazam</span> <span class='ocrx_word' id='word_1_298' title='bbox 1566 3766 1841 3830; x_wconf 88' lang='lat' dir='ltr'>Passam</span> <span class='ocrx_word' id='word_1_299' title='bbox 1874 3763 2113 3829; x_wconf 86' lang='lat' dir='ltr'>habere</span> <span class='ocrx_word' id='word_1_300' title='bbox 2159 3764 2407 3847; x_wconf 86' lang='lat' dir='ltr'>legatos</span> <span class='ocrx_word' id='word_1_301' title='bbox 2439 3784 2587 3828; x_wconf 89' lang='lat' dir='ltr'>suos</span> <span class='ocrx_word' id='word_1_302' title='bbox 2638 3765 2706 3828; x_wconf 92' lang='lat' dir='ltr'>in</span> <span class='ocrx_word' id='word_1_303' title='bbox 2759 3762 3006 3839; x_wconf 89' lang='lat' dir='ltr'>itinere,</span> <span class='ocrx_word' id='word_1_304' title='bbox 3056 3782 3181 3845; x_wconf 82' lang='lat' dir='ltr'>per</span> 
     </span>
     <span class='ocr_line' id='line_1_39' title="bbox 898 3851 3181 3937; baseline -0.001 -20"><span class='ocrx_word' id='word_1_305' title='bbox 898 3876 1058 3937; x_wconf 85' lang='lat' dir='ltr'>quos</span> <span class='ocrx_word' id='word_1_306' title='bbox 1108 3854 1165 3919; x_wconf 91' lang='lat' dir='ltr'>si</span> <span class='ocrx_word' id='word_1_307' title='bbox 1211 3856 1602 3937; x_wconf 86' lang='lat' dir='ltr'>legationem</span> <span class='ocrx_word' id='word_1_308' title='bbox 1661 3856 1855 3921; x_wconf 86' lang='lat' dir='ltr'>istam</span> <span class='ocrx_word' id='word_1_309' title='bbox 1887 3854 2205 3919; x_wconf 85' lang='lat' dir='ltr'>occultam</span> <span class='ocrx_word' id='word_1_310' title='bbox 2265 3874 2603 3936; x_wconf 88' lang='lat' dir='ltr'>possumus</span> <span class='ocrx_word' id='word_1_311' title='bbox 2656 3851 2980 3929; x_wconf 86' lang='lat' dir='ltr'>rehabere,</span> <span class='ocrx_word' id='word_1_312' title='bbox 3032 3872 3181 3934; x_wconf 81' lang='lat' dir='ltr'>per·</span> 
     </span>
     <span class='ocr_line' id='line_1_40' title="bbox 897 3940 3181 4027; baseline -0.001 -20"><span class='ocrx_word' id='word_1_313' title='bbox 897 3964 973 4026; x_wconf 82' lang='lat' dir='ltr'>gr</span> <span class='ocrx_word' id='word_1_314' title='bbox 975 3953 1155 4010; x_wconf 87' lang='lat' dir='ltr'>atum</span> <span class='ocrx_word' id='word_1_315' title='bbox 1187 3947 1326 4024; x_wconf 84' lang='lat' dir='ltr'>erit,</span> <span class='ocrx_word' id='word_1_316' title='bbox 1386 3947 1483 4011; x_wconf 90' lang='lat' dir='ltr'>sin</span> <span class='ocrx_word' id='word_1_317' title='bbox 1517 3946 1737 4010; x_wconf 87' lang='lat' dir='ltr'>minus</span> <span class='ocrx_word' id='word_1_318' title='bbox 1790 3968 1903 4010; x_wconf 89' lang='lat' dir='ltr'>cur</span> <span class='ocrx_word' id='word_1_319' title='bbox 1907 3967 2011 4010; x_wconf 89' lang='lat' dir='ltr'>am</span> <span class='ocrx_word' id='word_1_320' title='bbox 2063 3964 2373 4027; x_wconf 69' lang='lat' dir='ltr'>geremusz,</span> <span class='ocrx_word' id='word_1_321' title='bbox 2422 3966 2617 4027; x_wconf 88' lang='lat' dir='ltr'>quam</span> <span class='ocrx_word' id='word_1_322' title='bbox 2668 3942 2970 4007; x_wconf 89' lang='lat' dir='ltr'>citissime</span> <span class='ocrx_word' id='word_1_323' title='bbox 3000 3940 3181 4005; x_wconf 90' lang='lat' dir='ltr'>idem</span> 
     </span>
     <span class='ocr_line' id='line_1_41' title="bbox 897 4032 3179 4136; baseline -0.001 -37"><span class='ocrx_word' id='word_1_324' title='bbox 897 4035 1199 4100; x_wconf 81' lang='lat' dir='ltr'>Mustaza</span> <span class='ocrx_word' id='word_1_325' title='bbox 1244 4037 1404 4101; x_wconf 87' lang='lat' dir='ltr'>alios</span> <span class='ocrx_word' id='word_1_326' title='bbox 1445 4042 1729 4102; x_wconf 89' lang='lat' dir='ltr'>secretos</span> <span class='ocrx_word' id='word_1_327' title='bbox 1764 4043 1829 4100; x_wconf 91' lang='lat' dir='ltr'>et</span> <span class='ocrx_word' id='word_1_328' title='bbox 1861 4032 2252 4101; x_wconf 87' lang='lat' dir='ltr'>confidentes</span> <span class='ocrx_word' id='word_1_329' title='bbox 2286 4056 2435 4099; x_wconf 91' lang='lat' dir='ltr'>suos</span> <span class='ocrx_word' id='word_1_330' title='bbox 2474 4034 2725 4136; x_wconf 76' lang='lat' dir='ltr'>legatos</span> <span class='ocrx_word' id='word_1_331' title='bbox 2754 4039 2819 4097; x_wconf 85' lang='lat' dir='ltr'>tr</span> <span class='ocrx_word' id='word_1_332' title='bbox 2821 4032 3179 4107; x_wconf 70' lang='lat' dir='ltr'>ammittat,</span> 
     </span>
     <span class='ocr_line' id='line_1_42' title="bbox 895 4124 3180 4209; baseline -0.002 -20"><span class='ocrx_word' id='word_1_333' title='bbox 895 4146 1012 4207; x_wconf 91' lang='lat' dir='ltr'>per</span> <span class='ocrx_word' id='word_1_334' title='bbox 1043 4148 1202 4209; x_wconf 85' lang='lat' dir='ltr'>quos</span> <span class='ocrx_word' id='word_1_335' title='bbox 1236 4126 1497 4191; x_wconf 91' lang='lat' dir='ltr'>comode</span> <span class='ocrx_word' id='word_1_336' title='bbox 1548 4128 1688 4192; x_wconf 87' lang='lat' dir='ltr'>ista</span> <span class='ocrx_word' id='word_1_337' title='bbox 1725 4126 1942 4191; x_wconf 88' lang='lat' dir='ltr'>omnia</span> <span class='ocrx_word' id='word_1_338' title='bbox 1975 4125 2212 4190; x_wconf 90' lang='lat' dir='ltr'>rescire</span> <span class='ocrx_word' id='word_1_339' title='bbox 2244 4145 2593 4207; x_wconf 78' lang='lat' dir='ltr'>possemuS,</span> <span class='ocrx_word' id='word_1_340' title='bbox 2642 4124 2709 4188; x_wconf 90' lang='lat' dir='ltr'>in</span> <span class='ocrx_word' id='word_1_341' title='bbox 2760 4128 3180 4205; x_wconf 88' lang='lat' dir='ltr'>temporeque</span> 
     </span>
     <span class='ocr_line' id='line_1_43' title="bbox 895 4214 3177 4299; baseline -0.002 -20"><span class='ocrx_word' id='word_1_342' title='bbox 895 4216 1249 4299; x_wconf 83' lang='lat' dir='ltr'>providere,</span> <span class='ocrx_word' id='word_1_343' title='bbox 1297 4218 1392 4281; x_wconf 89' lang='lat' dir='ltr'>ita</span> <span class='ocrx_word' id='word_1_344' title='bbox 1426 4224 1498 4281; x_wconf 88' lang='lat' dir='ltr'>ut</span> <span class='ocrx_word' id='word_1_345' title='bbox 1531 4217 1682 4281; x_wconf 91' lang='lat' dir='ltr'>Deo</span> <span class='ocrx_word' id='word_1_346' title='bbox 1716 4216 1811 4281; x_wconf 89' lang='lat' dir='ltr'>ita</span> <span class='ocrx_word' id='word_1_347' title='bbox 1842 4215 2094 4281; x_wconf 84' lang='lat' dir='ltr'>volente</span> <span class='ocrx_word' id='word_1_348' title='bbox 2126 4215 2225 4278; x_wconf 77' lang='lat' dir='ltr'>vel</span> <span class='ocrx_word' id='word_1_349' title='bbox 2258 4216 2436 4299; x_wconf 88' lang='lat' dir='ltr'>pacis</span> <span class='ocrx_word' id='word_1_350' title='bbox 2484 4215 2581 4279; x_wconf 84' lang='lat' dir='ltr'>vel</span> <span class='ocrx_word' id='word_1_351' title='bbox 2612 4214 2770 4279; x_wconf 88' lang='lat' dir='ltr'>belli</span> <span class='ocrx_word' id='word_1_352' title='bbox 2800 4214 3177 4297; x_wconf 87' lang='lat' dir='ltr'>opportuni-</span> 
     </span>
     <span class='ocr_line' id='line_1_44' title="bbox 895 4306 2306 4389; baseline 0.001 -21"><span class='ocrx_word' id='word_1_353' title='bbox 895 4314 998 4369; x_wconf 81' lang='lat' dir='ltr'>tas</span> <span class='ocrx_word' id='word_1_354' title='bbox 1031 4306 1252 4371; x_wconf 84' lang='lat' dir='ltr'>sutura</span> <span class='ocrx_word' id='word_1_355' title='bbox 1283 4309 1385 4385; x_wconf 87' lang='lat' dir='ltr'>sit,</span> <span class='ocrx_word' id='word_1_356' title='bbox 1433 4306 1595 4371; x_wconf 88' lang='lat' dir='ltr'>nihil</span> <span class='ocrx_word' id='word_1_357' title='bbox 1627 4307 1725 4371; x_wconf 89' lang='lat' dir='ltr'>sit</span> <span class='ocrx_word' id='word_1_358' title='bbox 1760 4307 2306 4389; x_wconf 88' lang='lat' dir='ltr'>praetermissum.</span> 
     </span>
    </p>

    <p class='ocr_par' dir='ltr' id='par_1_3' title="bbox 888 4393 3181 4570">
     <span class='ocr_line' id='line_1_45' title="bbox 1111 4393 3181 4480; baseline -0.001 -20"><span class='ocrx_word' id='word_1_359' title='bbox 1111 4396 1215 4461; x_wconf 83' lang='lat' dir='ltr'>De</span> <span class='ocrx_word' id='word_1_360' title='bbox 1280 4398 1556 4480; x_wconf 83' lang='lat' dir='ltr'>negotiis</span> <span class='ocrx_word' id='word_1_361' title='bbox 1619 4396 1717 4461; x_wconf 88' lang='lat' dir='ltr'>ad</span> <span class='ocrx_word' id='word_1_362' title='bbox 1783 4396 2315 4461; x_wconf 88' lang='lat' dir='ltr'>Dominationem</span> <span class='ocrx_word' id='word_1_363' title='bbox 2364 4394 2671 4463; x_wconf 87' lang='lat' dir='ltr'>Vestram</span> <span class='ocrx_word' id='word_1_364' title='bbox 2734 4393 3181 4478; x_wconf 85' lang='lat' dir='ltr'>spectantibus</span> 
     </span>
     <span class='ocr_line' id='line_1_46' title="bbox 888 4485 3179 4570; baseline -0.001 -19"><span class='ocrx_word' id='word_1_365' title='bbox 888 4486 1182 4551; x_wconf 85' lang='lat' dir='ltr'>iustitiae</span> <span class='ocrx_word' id='word_1_366' title='bbox 1247 4494 1310 4551; x_wconf 90' lang='lat' dir='ltr'>et</span> <span class='ocrx_word' id='word_1_367' title='bbox 1373 4487 1672 4551; x_wconf 83' lang='lat' dir='ltr'>fidelitati</span> <span class='ocrx_word' id='word_1_368' title='bbox 1762 4485 2043 4555; x_wconf 86' lang='lat' dir='ltr'>Vestrae</span> <span class='ocrx_word' id='word_1_369' title='bbox 2094 4485 2459 4570; x_wconf 84' lang='lat' dir='ltr'>Imperator</span> <span class='ocrx_word' id='word_1_370' title='bbox 2504 4492 2724 4551; x_wconf 83' lang='lat' dir='ltr'>noster</span> <span class='ocrx_word' id='word_1_371' title='bbox 2774 4505 3179 4570; x_wconf 88' lang='lat' dir='ltr'>summopere</span> 
     </span>
    </p>
   </div>
   <div class='ocr_carea' id='block_1_3' title="bbox 3422 435 3428 940">
    <p class='ocr_par' dir='ltr' id='par_1_4' title="bbox 3422 435 3428 940">
     <span class='ocr_line' id='line_1_47' title="bbox 3422 435 3428 940; baseline 0 0"><span class='ocrx_word' id='word_1_372' title='bbox 3422 435 3428 940; x_wconf 95' lang='lat' dir='ltr'> </span> 
     </span>
    </p>
   </div>
  </div>
 </body>
</html>
