3459 5300
1206 346 1390 403 1625.
1422 366 1608 401 armus
1645 348 1701 402 4.
2465 348 2587 403 573

328 516 433 581 dio
462 516 668 601 ipsius
695 516 1023 601 Principis
1088 516 1369 600 Boskaii,
1432 540 1621 601 quem
1684 525 2034 584 tractatum
2102 527 2323 585 sancte
2389 522 2591 585 Pater

328 594 570 673 Frater
602 615 671 671 et
702 606 837 674 Sua
868 606 1183 672 Maiestas
1206 608 1641 691 Imperatoria
1662 606 2078 675 Ottomanica
2111 631 2423 692 eousque.
2486 662 2498 675 .

339 749 352 761 .
494 749 507 761 .
571 698 775 763 donec
807 698 889 761 ad
922 704 1245 763 tractatus
1278 697 1725 763 infractionem
1785 701 2183 765 occasionem
2218 698 2588 765 Germanus

326 787 535 869 daret,
568 788 739 870 quod
775 808 995 853 verum
1058 809 1195 852 esse
1258 790 1523 870 proprio
1555 785 2033 854 Germanorum
2067 789 2380 873 probatur
2413 792 2591 855 testi-

324 898 560 943 monio.
1832 892 1840 900 '

544 1002 769 1067 Prima
818 1024 1014 1068 causa
1074 1002 1476 1069 infractionis
1510 1010 1834 1069 tractatus
1891 1005 2464 1071 Situatorokiensis
2512 1028 2590 1071 ex

322 1098 515 1175 parte
529 1090 1455 1158 Germanorum.Manifestum
1480 1090 1948 1172 estf'I'urcorum
1971 1095 2440 1179 Imperatorem
2463 1117 2587 1161 non

324 1183 533 1246 solum
568 1182 875 1248 Turcicas
908 1184 1199 1248 nationes
1248 1184 1518 1267 imperio
1551 1205 1665 1248 suo
1700 1186 2042 1263 continere,
2075 1186 2186 1250 sed
2218 1188 2415 1251 etiam
2447 1188 2588 1269 plu-

322 1274 492 1337 rima
524 1271 1039 1338 Christianorum
1086 1294 1303 1356 regna,
1338 1294 1505 1355 quae
1536 1275 1602 1337 in
1644 1276 2105 1357 protectionem
2139 1298 2323 1341 suam
2386 1276 2586 1341 libere

324 1383 393 1425 se
424 1362 760 1441 dederunt,
794 1370 857 1427 et
890 1384 1053 1445 quae
1076 1362 1211 1428 Sua
1244 1364 1589 1447 Imperalis
1622 1366 1939 1430 Maiestas
1973 1363 2386 1432 Ottomanica
2415 1372 2588 1431 tene-

324 1458 434 1516 tur
468 1460 803 1535 protegere
836 1460 898 1517 et
930 1453 1270 1517 defendere
1324 1474 1446 1517 non
1479 1476 1659 1520 secus
1714 1476 1792 1519 ac
1822 1458 2086 1539 propria
2151 1478 2268 1523 sua
2298 1456 2588 1522 haeredi-

324 1544 496 1607 taria
528 1564 745 1629 regna.
777 1544 962 1607 Inter
992 1564 1196 1625 regna
1232 1544 1351 1607 sub
1382 1546 1778 1625 protectione
1830 1544 2106 1611 Turcica
2167 1548 2588 1613 consistentia

322 1654 449 1696 non
487 1633 785 1697 ultimum
816 1634 1029 1698 locum
1060 1639 1239 1698 tenet
1271 1632 1744 1715 Transilvania,
1777 1656 1944 1718 quae
1983 1635 2049 1699 in
2083 1642 2370 1702 tractatu
2401 1638 2582 1720 pacis

334 1721 911 1787 Situatorokiensis
972 1722 1147 1787 haud
1182 1724 1373 1788 aliter
1436 1726 1898 1809 comprehensa
1949 1733 2062 1803 est,
2127 1749 2320 1809 quam
2373 1735 2588 1792 cetera

327 1812 633 1896 propriae
696 1813 1124 1896 Imperatoris
1157 1810 1495 1879 Ottomani
1560 1814 1851 1880 ditiones
1893 1816 2210 1901 Tempore
2271 1817 2584 1882 Bathorei

322 1902 633 1985 principis
684 1903 1055 1986 Imperator
1108 1904 1428 1968 Matthias
1462 1906 1877 1988 expediverat
1911 1905 2394 1989 Sigismundum
2426 1908 2586 1971 For-

322 2013 441 2075 gaz
461 2014 608 2058 cum
630 1991 771 2060 XV
788 1993 1050 2058 milibus
1072 1994 1353 2057 militum
1375 1995 1440 2057 in
1464 1994 2120 2078 Transilvaniam,qui
2141 1997 2585 2081 conjungendo

320 2084 489 2147 vires
522 2104 673 2149 suas
707 2104 851 2147 cum
885 2081 1161 2149 Sorbani
1192 2082 1525 2149 Vaivodae
1556 2084 1800 2148 viribus
1853 2091 2059 2150 totum
2111 2108 2378 2169 regnum
2411 2086 2582 2151 ferro

321 2170 711 2255 flammaque
775 2173 1067 2238 vastavit.
1148 2174 1424 2238 Interim
1487 2174 1802 2257 Princeps
1865 2197 2008 2239 cum
2071 2176 2442 2258 Regnicolis
2505 2176 2586 2241 ob

324 2283 545 2327 eorum
608 2261 1067 2329 hostibilitates
1130 2261 1414 2328 Arcibus
1448 2262 1842 2329 Civitatibus
1893 2264 2179 2347 locisque
2231 2266 2580 2331 tutioribus

322 2373 604 2435 eousque
636 2355 1167 2436 constingeretur‚
1188 2354 1387 2418 donec
1408 2375 1525 2435 ego
1558 2354 1695 2437 ipse
1728 2376 1875 2419 cum
1894 2356 2340 2439 potentissimo
2371 2356 2582 2437 Impe-

327 2444 567 2507 ratoris
630 2440 1030 2509 Ottomanici
1061 2445 1343 2508 exercitu
1376 2445 1441 2507 in
1476 2442 1784 2509 auxilium
1819 2446 2140 2529 Principis
2204 2446 2585 2528 Regnicola-

326 2553 597 2615 rumqne
661 2532 1043 2611 advenirem,
1136 2535 1453 2616 simulque
1547 2533 1795 2599 hostem
1893 2556 2088 2619 regno
2183 2536 2582 2617 pelleremus.

324 2622 615 2689 Tandem
666 2644 810 2688 cum
842 2644 961 2707 ego
993 2625 1059 2688 in
1090 2623 1444 2708 principem
1478 2623 1718 2690 electus
1751 2646 1971 2703 essem,
2023 2626 2242 2691 statim
2295 2626 2584 2709 Impera—

322 2720 425 2778 tor
488 2712 964 2779 Germanorum
1029 2715 1553 2780 Transilvaniam
1616 2717 1908 2794 tentavit,
1990 2716 2149 2780 duas
2199 2716 2582 2782 fortissimas

322 2803 533 2868 Arces
594 2803 791 2881 Huzt,
839 2855 852 2868 .
929 2856 943 2868 .
1018 2856 1031 2868 .
1096 2827 1239 2870 cum
1290 2805 1571 2869 maximo
1603 2805 1901 2871 districtu
1949 2807 2272 2872 dictarum
2308 2806 2582 2871 Arcium

320 2893 468 2958 dolo
502 2901 569 2958 et
598 2893 827 2960 fraude
860 2895 1213 2978 occupavit,
1246 2901 1311 2960 et
1342 2901 1565 2978 postea
1614 2895 1779 2960 binis
1810 2897 2052 2961 vicibus
2103 2895 2467 2963 Sorbanum
2519 2905 2584 2962 et

320 2983 759 3050 Homonaium
792 3006 939 3049 cum
971 2984 1253 3049 exercitu
1274 2991 1499 3050 contra
1522 3005 1637 3050 nos
1675 2985 1938 3064 dimisit,
1962 2987 2338 3052 existimans
2361 3008 2582 3051 eorum

320 3095 518 3156 opera
548 3095 735 3157 posse
768 3075 1067 3158 Regnum
1099 3095 1449 3158 occupare3
1482 3095 1559 3138 ex
1582 3094 1709 3155 quo
1742 3083 1959 3140 tamen
1993 3098 2106 3160 per
2139 3077 2267 3142 Dei
2301 3077 2580 3160 gratiam

319 3165 602 3246 turpiter
634 3165 823 3247 pulsi,
856 3164 1193 3248 fugatique
1228 3172 1393 3230 sunt.

535 3307 790 3373 Rursus
822 3330 964 3372 cum
1016 3307 1251 3390 Lipam
1285 3328 1363 3371 ex
1394 3329 1705 3372 consensu
1758 3309 2260 3392 Regnicolarum
2311 3310 2579 3375 reddere

317 3398 645 3480 vellemus,
666 3397 1035 3463 Germanus
1054 3399 1347 3462 secretim
1371 3398 1650 3464 dimissis
1669 3399 2035 3464 hominibus
2055 3400 2368 3484 Lipenses
2400 3400 2580 3464 indu-

316 3489 415 3552 xit
444 3509 527 3552 ne
559 3509 625 3554 se
657 3488 984 3564 dederent,
1048 3509 1114 3553 se
1165 3489 1295 3553 suis
1335 3489 1533 3553 armis
1584 3509 1690 3553 eos
1723 3496 1789 3552 et
1821 3489 2045 3571 urbem
2081 3489 2320 3572 Lipam
2352 3498 2578 3556 contra

318 3600 433 3642 nos
466 3584 533 3642 et
565 3578 843 3644 Turcam
876 3577 1303 3656 defensurum,
1366 3579 1475 3661 qui
1540 3586 1603 3643 et
1664 3579 1934 3644 militem
1997 3581 2430 3662 pecuniasque
2461 3601 2580 3662 pro

318 3667 657 3751 stipendiis
708 3669 789 3733 iis
820 3669 1029 3748 misit3
1093 3669 1265 3750 quod
1299 3668 1610 3751 Lipenses
1641 3668 1948 3746 videntes,
1979 3669 2302 3736 mandatis
2341 3672 2576 3735 nostris

322 3757 585 3823 obedire
648 3764 1047 3824 recusarunt.
1126 3756 1546 3841 Quapropter
1624 3761 1997 3842 nosmetipsi
2077 3760 2280 3825 coacti
2359 3781 2578 3825 sumus

316 3849 555 3932 Lipam
588 3847 897 3925 obsidere,
912 3847 1025 3912 ubi
1056 3849 1243 3913 fossis
1276 3849 1485 3913 ductis
1516 3855 1582 3913 et
1612 3851 1948 3914 tormentis
1979 3850 2306 3932 dispositis
2341 3849 2577 3916 XVII.

318 3938 571 4002 dierum
601 3937 1109 4004 verberationem
1142 3938 1426 4003 fecimus,
1448 3936 1594 4021 Quo
1626 3945 1916 4021 tempore
1937 3939 2332 4023 Capitaneus
2364 3940 2572 4008 Vara-

315 4028 555 4093 diensis
587 4028 975 4094 Franciscus
1008 4028 1240 4112 Reday
1304 4051 1449 4092 cum
1482 4029 1771 4094 exercitu
1822 4027 2212 4095 Germanico
2274 4079 2286 4092 .
2365 4081 2376 4093 .
2545 4081 2557 4094 .

316 4118 593 4184 duorum
656 4119 1035 4183 milliarium
1097 4141 1137 4183 a
1168 4119 1430 4183 civitate
1492 4119 1815 4202 Depreien
1879 4119 2180 4193 conflixit,
2243 4127 2307 4184 et
2373 4120 2577 4184 victor

317 4210 537 4274 evasit.
571 4208 797 4292 Atque
831 4209 925 4273 ita
957 4229 1100 4272 cum
1134 4214 1320 4273 tanta
1351 4207 1738 4273 difficultate
1761 4209 2039 4293 Lippam
2090 4209 2352 4274 tandem
2405 4231 2575 4274 rece-

316 4301 545 4382 pimus,
599 4299 783 4364 Haec
824 4299 967 4362 luce
999 4299 1358 4363 meridiana
1389 4299 1667 4363 clariora
1699 4305 1866 4380 sunt,
1899 4301 2158 4382 ipsimet
2191 4301 2414 4381 negari
2445 4321 2570 4363 non

317 4395 605 4471 possunt,
654 4409 819 4470 quae
882 4389 1097 4453 omnia
1129 4389 1536 4470 contigerunt
1568 4389 1635 4452 in
1667 4389 1811 4471 ipsa
1843 4390 2268 4472 Imperatoris
2301 4410 2576 4471 persona

318 4487 541 4544 contra
574 4500 813 4564 pacem.
849 4475 1263 4560 Quapropter
1302 4479 1788 4561 potentissimus
1841 4479 2206 4562 Imperator
2239 4477 2570 4546 Otthoma-
