3459 5300
1451 1312 1508 1382 1.

475 1477 576 1558 ΑΖ
631 1474 1034 1558 ausztriai
1092 1472 1498 1558 udvarnitl
1557 1476 1735 1559 volt
1792 1476 2201 1561 velenczei
2252 1477 2505 1564 kssvet

1268 1599 1718 1704 jelentesei.

1241 1782 1767 1870 (1622-16270

1104 2003 1294 2064 1622.
1341 2001 1787 2064 marozius
1834 2004 1891 2064 6.

577 2141 1004 2210 Serenissimo
1037 2141 1359 2227 Principe.
1401 2144 1636 2228 Doppo
1690 2144 1807 2208 che
1861 2142 2308 2226 l’Imperatore
2360 2143 2391 2208 ὸ
2444 2146 2632 2212 ritor-

384 2239 534 2312 nat0‚
553 2235 608 2300 si
630 2235 664 2298 6
699 2235 888 2317 quasi
920 2234 1070 2316 ogni
1103 2235 1328 2316 giorno
1361 2235 1672 2300 ritrovato
1704 2235 1771 2299 in
1793 2234 2103 2317 consiglio
2123 2255 2241 2318 per
2262 2241 2633 2302 concertare

383 2323 425 2386 il
441 2325 618 2390 modo
639 2323 743 2388 del
766 2345 882 2388 suo
903 2345 1166 2407 passare
1188 2324 1320 2390 alla
1341 2325 1540 2390 Dieta
1559 2324 1618 2389 d'
1639 2324 1981 2407 Ungheria
2002 2325 2059 2390 a'
2080 2325 2274 2408 primi
2294 2325 2359 2390 di
2380 2325 2633 2409 Aprile,

384 2412 526 2478 doue
568 2414 870 2497 dissegna
919 2413 1276 2480 andarsene
1327 2421 1596 2494 armato,
1647 2421 1712 2480 et
1750 2436 1953 2499 pensa
2002 2414 2169 2480 farla
2218 2416 2517 2481 intimare
2568 2419 2635 2482 in

383 2503 786 2588 Edemburgh
807 2526 842 2569 e
861 2527 988 2569 non
1023 2505 1088 2570 in
1121 2506 1452 2584 Possonia,
1484 2506 1758 2570 secondo
1789 2505 1836 2569 il
1868 2504 2073 2584 solito,
2093 2526 2210 2588 per
2242 2527 2367 2570 non
2400 2507 2633 2572 havere

387 2595 421 2656 ὴ
447 2595 789 2661 trasferirsi
839 2594 905 2661 di
937 2595 1004 2660 la
1051 2594 1156 2661 del
1206 2595 1528 2662 DanubiO.
1567 2595 1630 2662 Il
1681 2616 1949 2661 numero
1997 2595 2169 2661 della
2217 2595 2468 2675 militia,
2520 2619 2637 2681 per

385 2686 578 2767 quello
631 2687 790 2751 hora
839 2686 894 2751 si
926 2686 1084 2765 (1166,
1135 2687 1251 2752 ohe
1300 2686 1622 2752 condutta
1671 2708 1834 2765 seeo,
1867 2689 2017 2753 sara
2048 2687 2211 2753 dieoi
2262 2686 2437 2753 mille
2472 2687 2635 2753 fanti

387 2784 446 2839 et
471 2776 585 2841 (1116
615 2777 802 2841 milla
837 2776 1084 2842 cavalli.
1126 2775 1200 2843 Si
1235 2779 1405 2842 tiene
1437 2778 1594 2861 pero
1627 2778 1745 2843 ohe
1778 2778 1926 2842 sara
1959 2778 2345 2860 prolongata
2378 2780 2417 2841 ἐι
2448 2776 2637 2862 Mag-

389 2866 478 2947 gio
521 2889 633 2951 per
683 2868 884 2933 havet
935 2866 1174 2933 Cesare
1223 2873 1408 2933 tanto
1459 2868 1570 2951 pin
1619 2874 1835 2951 tempo
1902 2867 1967 2932 di
2020 2867 2120 2934 far
2167 2867 2635 2951 guadagnare
2616 2892 2639 2933 1

389 2956 712 3041 principali
743 2956 810 3021 di
859 2957 1009 3041 quel
1059 2958 1306 3041 Regno,
1355 2978 1472 3041 per
1519 2957 1839 3023 facilitate
1873 2957 1919 3022 il
1972 2957 2224 3023 sudetto
2275 2958 2435 3024 esito
2467 2958 2639 3023 della

392 3044 586 3127 Dieta‚
635 3047 810 3113 nella
871 3048 1064 3131 quale
1095 3070 1222 3133 pur
1273 3069 1455 3114 corre
1505 3048 1779 3132 qualche
1818 3068 1969 3113 voce
2002 3049 2118 3115 6116
2151 3048 2333 3113 siano
2366 3070 2481 3132 per
2512 3055 2641 3113 tro-

393 3138 542 3203 varsi
595 3137 766 3203 delle
814 3137 1145 3218 difficolt&
1196 3160 1316 3204 con
1365 3138 1648 3223 pericolo
1699 3140 1765 3204 di
1816 3139 2105 3221 capitare
2156 3138 2240 3203 da
2296 3160 2457 3205 novo
2507 3138 2638 3207 alla

391 3233 640 3295 rottura.

587 3318 1148 3386 L’Ambasoiador
1196 3318 1264 3385 di
1303 3316 1569 3403 Spagna
1621 3318 1675 3385 si
1706 3324 1953 3385 mostra
2002 3318 2302 3385 rissoluto
2354 3319 2419 3384 di
2469 3319 2643 3385 voler

395 3406 484 3473 sar
529 3431 792 3494 passare
824 3410 886 3473 16
936 3411 1114 3493 genti
1163 3416 1400 3494 pagate
1432 3408 1542 3475 dal
1591 3431 1707 3474 suo
1740 3410 1839 3475 Re
1890 3411 1957 3475 in
2005 3408 2285 3487 Alsatia,
2316 3430 2351 3475 e
2400 3416 2643 3493 quanto

399 3500 494 3583 pifn
524 3500 974 3583 l’Imperatore
1023 3498 1318 3567 desidera
1359 3500 1474 3565 ohe
1508 3520 1636 3565 non
1669 3522 1885 3583 segua,
1918 3504 2101 3566 tanto
2134 3500 2641 3583 maggiormente

394 3586 586 3656 l'altro
649 3591 922 3674 persiste
955 3611 990 3654 e
1039 3590 1178 3655 dice
1228 3596 1492 3655 tenerne
1545 3612 1837 3673 espresso
1887 3589 2109 3655 ordine
2159 3588 2269 3655 dal
2303 3588 2643 3655 Cattolioo.

397 3678 456 3745 A
485 3682 576 3746 61ὸ
609 3682 766 3765 per-⁸)
803 3702 931 3745 non
980 3688 1200 3764 presta
1249 3680 1560 3747 credenza
1611 3678 1749 3746 Sua
1798 3680 2074 3758 Maesta,
2126 3679 2190 3744 la
2240 3680 2431 3763 quale
2470 3682 2643 3745 tiene

396 3770 498 3835 che
543 3773 640 3838 sia
687 3770 988 3855 pensiero
1038 3770 1428 3856 particolare
1479 3769 1649 3835 dello
1679 3769 2146 3853 Ambassador‚
2196 3776 2262 3835 et
2300 3771 2349 3835 il
2397 3770 2465 3835 N
2466 3772 2643 3836 ontio

397 3860 702 3927 ordinario
739 3862 880 3927 dice
912 3862 1028 3927 ohe
1062 3883 1130 3926 se
1161 3867 1391 3945 questa
1423 3860 1782 3927 soldatesca
1813 3862 1995 3925 viene
2034 3859 2345 3927 mandata
2376 3862 2644 3940 altrove,

399 3970 538 4017 cava
567 3952 786 4017 chiaro
817 3972 1018 4035 segno
1050 3953 1168 4017 ohe
1200 3952 1312 4036 qui
1343 3974 1472 4017 non
1504 3951 1566 4017 vi
1598 3953 1696 4017 sia
1727 3952 1841 4035 pist
1872 3951 2141 4035 bisogno
2174 3951 2419 4028 d’aiuti,
2440 3958 2504 4016 et
2526 3952 2643 4016 che

399 4043 532 4121 per-'v
577 4042 640 4107 16
691 4041 934 4107 Militie
1005 4041 1342 4109 Pontifioie
1406 4061 1640 4107 sarano
1686 4041 1773 4106 da
1820 4040 1912 4107 lui
1964 4041 2311 4107 licentiate.
2362 4042 2480 4106 Ma
2530 4062 2646 4124 per

399 4127 590 4197 levare
621 4132 670 4197 il
703 4132 946 4198 Nontio
978 4132 1062 4199 da
1095 4140 1321 4217 questo
1354 4138 1662 4208 concettO,
1714 4131 1783 4199 fa
1812 4152 2030 4196 correr
2061 4152 2210 4197 voce
2234 4131 2647 4215 l'Imperator

403 4218 458 4283 di
489 4222 719 4288 volerle
749 4222 950 4289 havet·
981 4224 1046 4288 di
1079 4222 1354 4307 guardia
1386 4243 1606 4306 presso
1639 4222 1704 4287 di
1740 4244 1807 4287 se
1826 4221 1932 4286 nel
1954 4222 2208 4305 viaggio
2229 4220 2645 4305 d’Ungheria.

591 4314 782 4380 'tutti
831 4312 880 4378 11
911 4315 1056 4398 capi
1088 4313 1174 4379 da
1233 4335 1468 4399 guerra
1519 4314 1636 4378 ohe
1667 4333 1956 4397 vengono
2008 4312 2325 4378 riformati
2377 4318 2441 4375 et
2490 4311 2646 4378 altri

405 4420 616 4468 ancora
647 4426 804 4469 sono
854 4403 1000 4469 fatti
1033 4405 1356 4487 praticare
1407 4403 1558 4469 dall’
1609 4402 2070 4468 Ambasciator
2123 4402 2189 4467 di
2228 4400 2493 4485 Spagna
2533 4424 2648 4485 per

405 4494 638 4563 servitio
668 4494 776 4558 del
809 4515 924 4559 suo
969 4495 1085 4574 Re,
1117 4516 1152 4559 e
1185 4494 1283 4559 chi
1317 4496 1372 4559 si
1403 4494 1747 4576 maneggia
1780 4493 1845 4557 in
1878 4499 2108 4573 questo
2159 4490 2359 4557 affare
2391 4514 2507 4575 per
2540 4490 2649 4573 lui,

2334 4599 2430 4649 16*
