3459 5300
871 329 921 380 '2
932 329 964 378 Ο
979 329 1011 380 2
1203 327 1231 384 1
1245 327 1277 380 6
1291 327 1326 380 2
1338 328 1390 380 6.
1415 331 1975 380 mahemulmozxro
1986 343 2033 377 κ.
2068 333 2266 378 novari
2302 330 2825 381 Εμὸτειωιςειτιέεεκ.

879 499 1220 583 vigilantia
1251 498 1546 566 omnibus
1579 501 1906 584 sapienter
1938 499 2252 563 ordinatis
2285 519 2401 581 per
2434 495 2911 582 Consanguinei
2961 495 3150 560 Elec-

881 591 1039 656 toris
1072 591 1381 655 ditionem
1413 590 1683 674 pacifico
1713 591 1947 654 itinere
1981 590 2047 653 in
2082 588 2398 665 Silesiam‚
2448 589 2618 670 quod.
2662 588 2826 654 alias
2856 607 3149 654 necessa·

881 681 1049 747 rium
1076 681 1409 765 judicavit,
1441 681 1795 747 contendat
1827 686 2201 763 sequentem
2222 679 2303 744 ob
2325 699 2605 744 causam.
2641 680 2863 744 Primo
2894 684 2970 743 ut
3002 699 3151 743 eon-

881 773 1030 838 silia
1080 793 1197 838 sua
1230 771 1430 836 unitis
1481 771 1773 855 Regibus
1826 771 2295 836 communicare
2330 776 2395 833 et
2442 768 2734 853 exigente
2766 769 3151 833 necessitate

881 869 1105 928 mutuo
1134 862 1300 928 vires
1333 863 1723 948 conjungere
1758 862 1995 945 possit3
2028 861 2303 925 secundo
2337 866 2413 924 ut
2442 861 2681 924 amicos
2714 858 3051 943 Principes
3073 880 3151 923 ac-

883 954 1179 1017 civitates
1221 959 1488 1036 propter
1539 953 1790 1017 incerta
1822 952 1977 1017 belli
2030 953 2342 1016 hactenus
2376 955 2697 1028 natantes,
2748 950 3151 1014 authoritate

881 1045 1109 1124 erigat,
1148 1049 1214 1107 et
1246 1043 1345 1107 sui
1396 1042 1671 1126 exempli
1705 1042 2151 1125 magnitudine
2184 1043 2248 1106 in
2284 1047 2539 1126 partem
2577 1046 2868 1105 nostram
2900 1044 3151 1124 pertra-

881 1134 1035 1214 hat3
1087 1133 1281 1199 tertio
1313 1139 1388 1200 ut
1420 1133 1781 1198 celleritate
1834 1133 2071 1197 famam
2104 1137 2168 1196 et
2198 1134 2451 1196 hostem
2502 1131 2878 1214 praeveniat
2908 1150 3149 1195 arcem-

881 1245 1006 1306 que
1037 1230 1276 1288 natura
1307 1229 1374 1287 et
1406 1223 1663 1306 ingenio
1693 1223 2012 1288 munitam
2044 1221 2112 1286 in
2144 1229 2533 1306 potestatem
2571 1220 2840 1304 redigat.
2894 1219 3150 1304 Quarto

882 1320 955 1377 ut
1007 1315 1222 1378 sedem
1283 1313 1514 1378 bellico
1575 1313 1714 1378 loco
1764 1312 1941 1396 figat,
2004 1314 2115 1396 qui
2166 1311 2397 1378 alendo
2442 1312 2750 1377 exercitui
2800 1310 3149 1376 fertilitate

880 1403 1265 1469 suffecturus
1312 1405 1414 1480 sit,
1466 1409 1530 1468 et
1579 1411 1875 1468 comeatu
1925 1403 2227 1468 abundet.
2285 1401 2529 1486 Quinto
2562 1409 2638 1466 ut
2667 1403 2892 1467 vicinis
2940 1401 3147 1484 genti·

881 1495 1000 1560 bus
1053 1495 1118 1558 in
1169 1495 1543 1559 libertatem
1593 1492 1911 1559 restitutis
1961 1494 2249 1577 oppressi
2283 1493 2633 1558 Bohemiae
2682 1491 3149 1574 Moraviaeque

881 1585 1103 1668 populi
1135 1586 1451 1650 sociorum
1469 1633 1797 1649 ........
1859 1584 1942 1648 ad
1984 1583 2406 1648 defectionem
2458 1584 2896 1664 solicitentur3
2946 1583 3054 1664 qui
3104 1604 3145 1648 a

883 1674 1093 1758 Regia
1144 1673 1312 1740 Serte
1369 1681 1738 1758 susceptam
1788 1696 1906 1759 pro
1937 1675 2255 1739 communi
2307 1674 2473 1739 bono
2506 1674 2976 1757 expeditionem
3007 1674 3149 1736 ani-

880 1765 1372 1848 madvertentes,
1405 1765 1775 1848 propediem
1809 1766 2234 1830 insurrecturi
2269 1767 2415 1830 sint.
2470 1763 2667 1830 Sexto
2706 1770 2780 1828 ut
2813 1761 3149 1828 Celsitudo

883 1856 1019 1922 Sua
1051 1877 1195 1921 cum
1228 1856 1438 1938 Regia
1471 1854 1638 1922 Serte
1676 1855 1933 1920 facilius
1982 1853 2284 1938 conjungi
2317 1853 2537 1938 possit,
2571 1875 2699 1937 quo
2738 1853 2975 1920 Silesia
3005 1854 3149 1917 uni-

880 1948 966 2011 tis
999 1947 1242 2011 viribus
1291 1945 1378 2012 ad
1424 1945 1892 2029 praestandum
1925 1946 2295 2028 homagium
2327 1945 2427 2009 vel
2478 1946 2681 2010 amice
2712 1942 3017 2009 flectatur
3044 1944 3151 2007 vel

881 2035 1196 2102 violenter
1225 2037 1687 2120 pertrahatur3
1739 2038 1979 2121 quippe
2011 2034 2479 2101 Oelsitudinem
2532 2034 2731 2100 Suam
2777 2055 2901 2099 non
2941 2035 3153 2098 latere

879 2127 1173 2192 Ducatus
1225 2125 1544 2210 Oppoliae
1577 2132 1644 2190 et
1675 2127 2054 2192 Ratiboriae
2093 2127 2247 2190 item
2280 2126 2695 2209 Bregensem‚
2744 2125 3146 2189 Darnovien-

882 2238 1016 2282 sem
1049 2221 1116 2280 et
1149 2218 1310 2282 alios
1341 2215 1708 2281 liberatoris
1741 2217 2084 2281 adventum
2132 2237 2367 2300 magno
2406 2238 2546 2280 cum
2581 2216 2812 2280 ardore
2858 2220 3151 2299 praesto-

878 2307 1019 2384 lari,
1051 2329 1169 2371 nec
1188 2306 1266 2371 de
1286 2327 1585 2372 successu
1617 2306 1856 2390 ambigi
1878 2306 2145 2388 debere3
2184 2327 2327 2373 cum
2361 2308 2698 2389 utriusque
2731 2306 3049 2370 exercitus
3071 2324 3151 2369 ea

881 2397 966 2462 sit
1011 2400 1436 2481 praestantia,
1484 2404 1559 2462 ut
1607 2403 1928 2462 annuente
1974 2397 2291 2462 altissimo
2342 2402 2526 2462 extra
2564 2415 2783 2460 omnes
2832 2397 3149 2460 humanos

880 2509 1065 2552 casus
1097 2488 1292 2571 positi
1322 2489 1658 2572 ipsamque
1691 2488 2017 2553 fortunam
2046 2487 2515 2571 quodammodo
2548 2487 2946 2570 supergressi
2978 2484 3149 2549 vide-

879 2584 1092 2642 antur.
1145 2576 1432 2664 Septimo
1481 2585 1558 2642 ut
1607 2585 1923 2662 occupata
1974 2577 2210 2644 Silesia
2258 2577 2556 2646 Caesaris
2606 2577 2772 2641 vires
2804 2577 2873 2640 in
2904 2574 3147 2641 multas

879 2674 1097 2751 partes
1123 2669 1592 2748 distrahantur,
1640 2669 1817 2737 fama
1846 2671 2177 2753 potentiae
2210 2669 2617 2752 aliquantum
2649 2669 3051 2745 obscuratur,
3084 2671 3149 2731 et

881 2759 1105 2841 ingens
1144 2760 1288 2824 auri
1320 2762 1504 2843 copia
1535 2762 1601 2825 in
1635 2782 1823 2841 usum
1851 2760 2004 2824 belli
2038 2762 2349 2825 hactenus
2370 2807 2605 2824 ......
2671 2756 3148 2841 praepediatur.

880 2847 1128 2913 Octavo
1177 2856 1252 2913 ut
1309 2871 1526 2915 omnes
1577 2850 1715 2932 ejus
1767 2850 2146 2915 Provinciae
2179 2850 2388 2932 quiin
2423 2850 2655 2914 castris
2686 2848 2988 2913 hostium
3034 2849 3147 2912 sti-

879 2940 1114 3019 pendia
1146 2938 1408 3017 faciunt,
1460 2939 1717 3023 publico
1767 2940 2073 3007 mandato
2123 2946 2503 3005 revocentur
2550 2944 2666 3005 aut
2710 2938 2795 3003 ad
2844 2939 3145 3020 Regnum

879 3029 1136 3094 Daniae
1184 3028 1682 3114 Mansfeldiique
1734 3028 1971 3113 Copias
2020 3032 2314 3110 transire,
2356 3030 2710 3115 jubeantur
2760 3050 2887 3112 quo
2933 3034 3148 3112 prote-

881 3121 1194 3185 stantium
1227 3123 1544 3185 exercitus
1592 3122 2011 3203 Legistarum
2049 3123 2340 3187 imminui
2373 3142 2630 3187 necesse
2663 3126 2775 3186 est.
2827 3118 3038 3196 Nono,
3071 3124 3149 3184 ut

881 3208 1055 3274 Saxo
1103 3210 1296 3275 rebus
1344 3212 1583 3276 nostris
1635 3210 1921 3275 infensus
1970 3217 2034 3275 et
2070 3211 2398 3277 maleficus
2437 3212 2720 3295 undique
2751 3210 3051 3293 cingatur
3083 3216 3153 3275 et

879 3300 979 3364 vel
1029 3300 1238 3365 socius
1287 3303 1389 3365 vel
1438 3301 1745 3366 adversus
1779 3301 1968 3365 vicini
1998 3301 2226 3365 martis
2278 3307 2522 3366 terrore
2559 3303 2628 3368 in
2660 3300 2946 3366 ordinem
2982 3299 3151 3364 redi-

879 3396 1110 3471 gatur3
1161 3390 1342 3471 cujus
1393 3392 1758 3475 exemplum
1808 3390 2121 3457 secuturis
2154 3390 2301 3455 aliis
2346 3392 2599 3475 imperii
2632 3390 3047 3475 Principibus
3085 3398 3153 3457 et

883 3478 1276 3545 Civitatibus
1307 3482 1735 3564 promovendo
1768 3483 1861 3545 rei
1896 3482 2249 3545 communis
2300 3481 2557 3563 negotio
2590 3481 2833 3564 grande
2866 3502 3151 3546 momen-

882 3577 1020 3634 tum
1069 3570 1388 3635 accedere.
1452 3570 1722 3636 Decimo
1776 3578 1847 3635 ut
1896 3573 2258 3654 propinquo
2318 3572 2567 3655 Regiae
2630 3571 2809 3637 Sei-¹¹⁸
2858 3572 3153 3636 exercitu

881 3660 1316 3725 Mansfeldius
1368 3662 1567 3745 copiis
1629 3662 2117 3744 Wallensteiny
2178 3662 2489 3745 majorem
2549 3668 2795 3726 metum
2854 3660 3157 3726 incutere

879 3770 1114 3832 easque
1165 3753 1498 3833 potentius
1545 3752 1799 3834 insequi
1852 3757 1916 3815 et
1965 3750 2252 3834 affligere
2302 3752 2516 3816 valeat
2550 3754 2670 3833 cui,
2722 3758 2859 3815 tam
2898 3758 2965 3814 et
3006 3751 3153 3834 jam

879 3842 932 3905 si
965 3842 1215 3905 occasio
1267 3843 1645 3925 poposcerit,
1698 3842 2059 3923 equitatum
2093 3840 2316 3906 Celsnia
2368 3841 2539 3908 Suae
2592 3843 2821 3923 exiguo
2854 3846 3154 3924 tempore

879 3929 1292 4014 conjunctum
1343 3932 1442 4010 iri,
1493 3953 1608 4014 per
1657 3954 1849 4015 quam
1901 3938 2224 3996 comeatus
2257 3932 2526 3997 subduci
2576 3938 2640 3995 et
2688 3931 3153 3997 &Vallsteinios

879 4027 1100 4085 noctes
1151 4022 1412 4104 diesque
1461 4021 1770 4104 fatigatos
1822 4023 1885 4086 in
1940 4028 2297 4086 extremum
2349 4023 2691 4087 discrimen
2724 4020 3149 4105 praecipitari

879 4109 1100 4193 possit.
1153 4112 1527 4189 Undecim0‚
1578 4118 1651 4175 ut
1701 4112 1925 4177 Drava
1974 4112 2235 4177 flumine
2286 4114 2575 4196 potiatur
2624 4113 2805 4196 cujus
2836 4110 3153 4178 beneficio

877 4200 1156 4265 Polonos
1177 4203 1455 4267 transitu
1483 4203 1842 4287 prohibere,
1863 4203 1973 4267 ubi
1994 4204 2087 4267 vis
2109 4210 2320 4286 queat,
2352 4204 2406 4267 si
2439 4204 2686 4286 Regiae
2708 4200 2861 4269 Sei-²¹
2886 4202 3147 4268 obviam

879 4292 974 4353 ire
1025 4290 1417 4374 Caesarique
1468 4295 1799 4376 suppetias
1850 4293 2019 4357 ferre
2068 4293 2575 4371 constituissent,
2632 4293 2803 4377 quod
2852 4292 3151 4358 futurum

882 4378 1091 4443 Cels‘¹⁰
1123 4380 1257 4447 Sua
1291 4382 1466 4446 nullo
1499 4383 1686 4447 modo
1720 4384 1979 4464 credat3
2013 4406 2156 4448 cum
2188 4383 2552 4467 respublica
2583 4384 2755 4448 bello
2783 4404 3001 4447 versus
3034 4384 3151 4449 Li-

879 4470 1132 4537 voniam
1169 4472 1482 4539 'Part-aros
1532 4480 1596 4537 ct
1645 4474 2038 4541 Moscovitas
2071 4480 2388 4559 occupata
2420 4476 2580 4540 alios
2631 4476 2891 4557 insuper
2922 4473 3147 4539 hostes
