3459 5300
848 371 922 422 16
1665 389 1909 424 niernum<
1944 389 1997 426 a.
2032 389 2279 442 ravanal.

1878 633 2036 700 XV.

1613 773 1621 780 ’
1698 782 1887 842 1626.
1940 799 2119 859 aug.
2179 781 2234 841 7.

1688 921 1914 986 'l'hm'n
1956 921 2257 1008 φήῇοαῘὶ.

1049 1080 1320 1148 Gabriel
1353 1081 1481 1148 Dei
1513 1083 1727 1166 gratia
1761 1082 1945 1150 Sacri
1979 1085 2257 1150 Romani
2297 1084 2566 1168 Imperii
2618 1090 2689 1147 et·
2731 1081 3098 1148 Transilva-

837 1175 981 1237 niae
1013 1173 1343 1257 Princeps,
1377 1174 1660 1257 partium
1697 1175 1910 1257 Regni
1952 1175 2332 1259 Hungariae
2364 1176 2701 1256 Dominus,
2734 1171 3097 1238 Siculorum

837 1263 1066 1328 (lomes
1099 1261 1545 1348 Oppoliaeque
1580 1271 1643 1328 et
1675 1264 2057 1330 Ratiboriae
2090 1265 2245 1332 Dux
2278 1273 2395 1331 etc.

1048 1353 1450 1420 Perillustris
1486 1351 1715 1420 Comes
1738 1352 1954 1430 ,Nobis
1988 1363 2171 1439 grate
2220 1355 2467 1421 dilecte..
2504 1354 2668 1419 Cum
2699 1354 2767 1418 in
2803 1353 2923 1418 hoc
2954 1373 3100 1418 con-

833 1445 1002 1508 cussi
1035 1444 1207 1508 orbis
1264 1451 1438 1510 motu
1492 1445 1851 1528 principum
1905 1446 2186 1510 virorum
2236 1468 2467 1511 munus
2518 1446 2620 1522 sit,
2667 1465 2793 1508 non
2847 1448 3098 1508 tantum

834 1535 1133 1616 propriae
1167 1536 1499 1600 securitati
1521 1531 1871 1612 consulere,
1894 1537 2001 1600 sed
2023 1537 2217 1600 etiam
2248 1537 2595 1600 amicorum
2620 1532 3099 1598 imminentibus

832 1624 1134 1708 periculis
1198 1647 1264 1688 se
1329 1624 1580 1689 fortiter
1639 1624 1952 1707 obiicere;
2011 1626 2319 1691 hactenus
2370 1627 2437 1690 in
2487 1623 2693 1690 Nobis
2744 1623 3101 1688 desiderari

833 1715 1179 1796 quicquam
1213 1715 1387 1797 passi
1420 1737 1657 1792 sumus,
1691 1715 1862 1798 quod
1894 1715 1975 1780 ad
2008 1716 2507 1782 conservandam
2554 1714 2921 1779 libertatem
2984 1735 3098 1794 pu-

832 1803 1064 1869 blicam
1114 1811 1405 1886 spectare
1439 1804 1777 1887 videretur,
1811 1805 2085 1872 aliorum
2119 1806 2307 1871 nimis
2357 1810 2827 1870 excrescentem
2880 1808 3099 1886 poten-

831 1895 990 1958 tiam
1024 1895 1492 1977 quodammodo
1523 1895 1899 1974 refrenaret,
1931 1919 2006 1960 ac
2027 1897 2194 1962 inter
2214 1895 2615 1961 dominantes
2636 1893 3097 1976 aequalitatem

833 1990 899 2047 et
929 1984 1335 2050 concordiam
1367 1983 1702 2050 stabiliret.

1050 2073 1160 2139 Ad
1211 2096 1400 2157 quem
1452 2074 1661 2154 finem,
1729 2097 1875 2139 cum
1938 2075 2408 2141 serenissimam
2454 2093 2728 2162 ’quoque
2778 2071 3099 2141 Venetam

831 2163 1323 2248 Rempublicam
1373 2165 1648 2230 maxime
1715 2165 2059 2248 proclivem
2132 2166 2629 2249 cognoverimus,
2678 2162 2885 2228 Nobis
2938 2163 3097 2228 nihil

833 2255 1038 2337 magis
1069 2256 1401 2337 hucusque
1434 2255 1499 2319 in
1531 2257 1693 2320 votis
1725 2255 1866 2334 fuit,
1917 2277 2111 2339 quam
2143 2262 2219 2321 ut
2249 2255 2454 2322 eidem
2488 2255 2756 2320 solemni
2776 2254 3099 2338 legatione

832 2351 1123 2409 nostrum
1155 2346 1220 2410 in
1262 2365 1594 2410 commune
1627 2345 1866 2410 bonum
1898 2345 2105 2410 zelum
2138 2352 2202 2411 et
2235 2346 2533 2410 ardorem
2564 2344 2811 2427 liquido
2842 2344 3101 2408 demon-

833 2441 1203 2500 straremus
1239 2433 1559 2518 Quoniam
1592 2443 1807 2500 autem
1844 2437 1910 2500 in
1963 2437 2103 2519 ipso
2154 2436 2569 2502 adversarum
2622 2435 2905 2519 partium
2957 2455 3099 2498 con-

833 2532 1054 2608 spectu
1087 2525 1298 2590 adhuc
1329 2526 1588 2591 minime
1622 2526 1985 2591 consultum
2006 2531 2231 2591 mutua
2254 2527 2549 2591 arctioris
2584 2525 2903 2590 amicitiae
2936 2525 3097 2589 desi-

831 2614 1011 2680 deria
1041 2614 1256 2701 palam
1292 2617 1553 2696 testari3
1585 2616 2017 2683 necessarium
2050 2616 2347 2683 duximus
2381 2615 2499 2681 sub
2532 2616 2667 2681 alta
2698 2613 2823 2679 fide
2857 2614 3097 2679 silentii

831 2706 972 2789 Ipsi
1033 2707 1439 2787 negociorum
1497 2728 1814 2771 summam
1872 2706 2143 2791 benigne
2193 2707 2608 2772 committere.
2662 2704 3096 2788 Quamobrem

831 2795 970 2878 ejus
1003 2795 1420 2861 Internuncio
1452 2795 1674 2861 Nobili
1706 2798 1914 2861 Paulo
1952 2795 2351 2879 Strasburgh
2400 2794 2775 2880 Capitanoe,
2808 2797 2875 2860 in
2923 2816 3098 2859 man-

835 2887 1004 2950 datis
1037 2886 1383 2951 clementer
1403 2886 1709 2962 dedimus,
1730 2893 1805 2951 ut
1824 2909 1919 2970 ea,
1938 2908 2105 2970 quae
2127 2886 2347 2953 Serme.
2360 2886 2782 2970 Reipublicae
2804 2885 3097 2953 Venetae

832 2977 1086 3040 nomine
1119 2983 1336 3041 nostro
1370 2978 1598 3061 exponi
1637 2977 1957 3057 vellemne,
1990 2978 2229 3060 scripto
2281 2976 2528 3060 prolixe
2580 2975 3098 3059 comprehendat,

832 3089 908 3131 ac
957 3066 1034 3129 de
1069 3066 1350 3131 consiliis
1397 3074 1464 3131 et
1513 3066 1873 3133 actionibus
1931 3069 2167 3132 nostris
2208 3068 2289 3131 ad
2323 3068 2534 3151 ipsum
2585 3066 2773 3149 plene
2822 3066 3098 3149 integer-

832 3157 1118 3238 rimeque
1151 3156 1425 3237 referat;
1462 3157 1761 3223 Eundem
1793 3157 2066 3240 benigne
2114 3159 2534 3241 requirentes,
2564 3163 2639 3222 ut
2688 3156 2983 3221 omnibus
3036 3163 3098 3219 et

833 3245 1104 3328 singulis
1155 3247 1406 3311 firmam
1454 3246 1916 3329 indubiamque
1966 3245 2158 3312 fidem
2210 3246 2547 3312 adhibeat:
2580 3268 2655 3311 eo
2702 3246 2931 3329 magis,
2973 3266 3099 3328 quo

831 3336 1233 3419 praedictum
1261 3338 1743 3403 Internuntium
1765 3338 2026 3402 secretis
2046 3336 2614 3402 deliberationibus
2634 3336 2872 3401 nostris
2904 3337 3100 3409 inter-

832 3448 988 3505 esse,
1035 3432 1098 3491 et
1147 3428 1303 3491 data
1353 3434 1716 3492 exterorum
1764 3427 2143 3511 Principum
2180 3428 2448 3510 Legatis
2482 3434 2547 3493 et
2580 3425 2963 3492 Oratoribus
3004 3448 3103 3490 re.-

832 3536 1067 3599 sponsa
1123 3516 1334 3601 ipsum
1386 3517 1610 3582 audire
1674 3517 2021 3583 clementer
2069 3518 2245 3601 passi
2297 3540 2535 3582 sumus,
2586 3516 2760 3581 Nam
2818 3518 3101 3581 maxima

833 3628 1123 3689 quaeque
1187 3606 1542 3672 tribuentes
1607 3607 1743 3689 ejus
1795 3608 2140 3673 virtutibus
2211 3658 2222 3671 .
2257 3660 2267 3670 .
2300 3658 2313 3671 .
2376 3607 2773 3690 militiaeque
2824 3606 3101 3671 clarissi-

830 3698 968 3773 miS,
1031 3698 1306 3779 ingenue
1368 3698 1664 3775 fatemur,
1714 3720 1829 3762 nos
1883 3698 2233 3763 amicitiam
2287 3703 2352 3761 et
2400 3697 2913 3763 familiaritatem
2962 3696 3101 3780 ejus

832 3786 1043 3851 foelici
1083 3788 1391 3852 memoria
1441 3808 1691 3871 semper
1750 3786 2047 3865 recolere,
2098 3808 2343 3851 summo
2394 3788 2564 3852 tanti
2611 3787 2730 3851 viri
2781 3785 3101 3851 desiderio

833 3878 1051 3941 teneri.
1087 3875 1251 3942 Cum
1286 3878 1454 3941 enim
1488 3898 1604 3961 per
1636 3878 1940 3943 continua
1974 3884 2071 3941 tot
2104 3896 2418 3941 annorum
2451 3878 2686 3960 spacia,
2729 3877 2939 3960 ipsum
2975 3878 3100 3941 sin-

831 3966 1043 4048 gulari
1100 3988 1315 4032 rerum
1369 3967 1798 4050 gerendarum
1848 3968 2194 4051 prudentia
2244 3966 2503 4050 pollere,
2566 3988 2684 4031 nec
2733 3967 2964 4032 robore
3002 3988 3102 4031 ac

830 4056 1212 4122 rectitudine
1251 4056 1449 4121 animi
1483 4057 1853 4122 mortalium
1883 4056 2002 4122 ulli
2036 4057 2277 4139 cedere,
2330 4057 2525 4139 probe
2577 4056 3101 4139 cognoverimus3

831 4169 956 4211 non
1008 4148 1327 4211 immerito
1359 4146 1542 4211 nobis
1583 4146 1959 4230 gravissime
1997 4147 2331 4211 ferendum
2363 4153 2475 4229 est,
2506 4146 2677 4230 quod
2706 4146 2830 4212 hoc
2860 4154 3103 4230 tempo-

832 4259 974 4301 rum
1007 4236 1365 4320 periculoso
1399 4243 1590 4314 statu,
1620 4242 1805 4301 tanto
1843 4259 1984 4301 cum.
2024 4236 2355 4320 dispendio
2388 4244 2453 4302 et
2466 4238 2728 4320 jactura
2760 4236 2909 4301 boni
2944 4236 3101 4321 pub-

831 4328 954 4408 lici,
987 4327 1126 4409 ejus
1159 4327 1440 4391 consiliis
1491 4326 1937 4392 destituamur.
1990 4326 2141 4391 Non
2182 4348 2450 4409 parvum
2483 4334 2699 4392 tamen
2749 4326 3101 4410 voluptatis

831 4418 1238 4500 pe1·cipimuS‚
1272 4417 1323 4480 si
1355 4417 1797 4500 ponderemus,
1830 4438 1921 4496 ea,
1956 4439 2121 4499 quae
2159 4418 2394 4481 nostris
2426 4417 2547 4481 hac
2598 4417 2663 4481 in
2700 4424 2885 4499 parte
2937 4416 3100 4481 votis

829 4507 1162 4585 decedunt,
1195 4508 1488 4591 Inclytae
1509 4514 1574 4571 et
1597 4506 2050 4571 Amicissimae
2082 4506 2505 4590 Reipublicae
2548 4507 2893 4573 commodis
2926 4527 3099 4573 accc-
