3459 5300
754 312 759 319 ’
846 304 967 363 142
1167 302 1353 363 1624.
1375 314 1988 365 -ruAcsnA-rssnozm-ox.
2022 316 2224 362 κδνετι
2256 312 2776 364 Σιὸτειωκεκτεεεκ.

840 504 986 566 ceps
1038 482 1343 546 adversus
1373 480 1802 547 Monarcham
1851 488 2102 547 tantum
2153 482 2487 565 acquirere
2541 484 2870 566 potuisset.
2907 475 3102 547 Ultra

838 572 1215 637 Danubium
1249 579 1313 637 et
1342 571 1680 637 Moravam
1720 572 1964 653 fluvios,
1999 574 2304 655 quicquid
2352 573 2511 637 iuris
2544 574 2856 657 Ungarici
2907 594 3102 655 penes

839 664 1309 748 Imperatorem
1362 663 1589 741 fuerat,
1620 663 1836 741 habet,
1884 662 2064 727 nulla
2115 664 2377 740 Civitas,
2428 661 2576 729 Arx
2637 663 2738 727 vel
2798 664 3104 746 oppidum

838 754 927 819 ali
976 760 1233 835 praeter
1283 754 1483 836 ipsius
1516 760 1700 835 paret
1730 753 2032 836 Imperio
2067 750 2382 819 Obsessus
2414 754 2836 836 Imperatoris
2869 752 3104 816 exerci-

837 850 943 908 tus
975 864 1091 927 per
1122 843 1514 907 deditionem
1546 866 1584 908 a
1618 842 1753 907 Sua
1786 841 2148 908 Serenitate
2183 844 2396 909 salvus
2429 845 2753 911 Viennam
2803 843 3103 908 dimissus

839 941 951 999 est.
976 934 1233 999 Bellum
1266 940 1561 1017 coeptum
1594 956 1718 997 non
1752 934 2006 998 finitum
2038 940 2150 1009 est,
2171 934 2378 999 factae
2411 936 2580 999 enim
2613 941 2764 999 sunt
2794 934 3106 999 Induciac

839 1024 924 1088 ad
956 1024 1123 1088 diem
1160 1023 1383 1088 Sancti
1416 1020 1699 1106 Greci-gy,
1721 1046 1867 1088 cum
1899 1033 2240 1107 utramque
2260 1032 2513 1107 partem
2545 1026 2812 1090 saevitia
2861 1024 3106 1108 hyemis

840 1115 922 1179 ad
954 1114 1440 1199 hybernandum
1470 1114 1681 1178 redire
1714 1122 1987 1197 cogeret.
2019 1115 2290 1179 Falsum
2323 1123 2420 1180 est
2449 1116 2619 1199 quod
2654 1116 2732 1179 de
2765 1115 3106 1180 amissione

790 1240 795 1247 ·
840 1205 1197 1287 Phalangis
1261 1203 1571 1270 Turcicae
1649 1204 2236 1283 circumferebatur,
2313 1207 2562 1288 periere
2643 1206 2902 1289 quidem
2981 1224 3108 1266 non

840 1297 1047 1377 pauci,
1078 1316 1299 1359 verum
1330 1316 1458 1358 non
1510 1294 1576 1357 in
1626 1294 1943 1375 conflicta,
1977 1296 2187 1361 sedin
2218 1302 2414 1378 ponte
2447 1296 2726 1380 quodam
2757 1318 2875 1378 per
2907 1293 3108 1359 Suam

838 1384 1258 1467 Majestatem
1327 1390 1587 1463 structo,
1627 1386 2020 1467 ereptionem
2077 1386 2444 1469 mancipum
2508 1394 2882 1465 metuenteS,
2943 1384 3109 1449 vado

840 1477 1119 1540 transire
1150 1474 1414 1539 fiuvium
1448 1475 1877 1558 navigabilem
1910 1476 2103 1558 Vagh
2137 1476 2380 1541 dictum
2430 1484 2769 1553 tentantes,
2803 1498 2933 1540 una
2965 1494 3108 1539 cum

840 1565 1090 1648 aliquot
1120 1565 1380 1630 milibus
1400 1566 1768 1648 mancipum
1790 1565 2104 1630 submersi
2127 1573 2292 1631 sunt.
2309 1566 2774 1632 Sei-enissimus
2795 1567 3110 1648 Princeps

840 1656 1054 1720 adhuc
1084 1661 1286 1720 totam
1317 1656 1681 1721 Armadam
1730 1657 1796 1719 in
1848 1657 2157 1721 Tirnavia
2206 1677 2402 1740 penes
2454 1678 2520 1721 se
2571 1657 2807 1723 habere
2856 1656 3112 1731 dicitur,

843 1747 1049 1810 fertur
1096 1747 1292 1809 etiam
1324 1745 1494 1828 quod
1526 1747 1899 1813 Cassoviam
1931 1746 2222 1830 hyberni?
2255 1749 2469 1830 gratia
2505 1748 2698 1813 vellet
2746 1746 3110 1814 concedere.

842 1835 916 1900 Si
949 1836 1049 1900 his
1082 1836 1358 1900 certiora
1390 1856 1759 1919 cognovere,
1781 1858 1820 1899 a
1851 1836 2177 1919 Belgrado
2211 1836 2302 1901 M.
2324 1839 2486 1906 me
2524 1838 2721 1902 reddo
2755 1838 3110 1902 certiorem.

842 1925 1123 1991 Domino
1153 1925 1418 1991 vDanieli
1452 1926 1595 2009 Nys
1629 1948 1756 1989 non
1791 1928 2037 2010 scripsi.
2071 1928 2162 1992 M.
2196 1927 2315 1994 Vra
2353 1930 2431 1993 de
2465 1928 2655 1994 rebus
2686 1926 2955 1991 Domini
2987 1925 3112 1989 mei

842 2017 1342 2083 Clementissimi
1374 2018 1571 2082 faciat
1603 2018 1958 2097 certiorem,
2007 2018 2196 2083 simul
2231 2020 2426 2083 etiam
2459 2020 2512 2083 si
2547 2020 2801 2084 litterae
2838 2039 2916 2081 ex
2949 2014 3112 2080 Hol-

841 2105 1062 2171 landia
1094 2108 1596 2189 supervenerint,
1616 2114 1901 2172 maturet
1933 2128 2042 2172 eas
2081 2109 2164 2172 ad
2196 2102 2336 2172 D¹¹¹¹¹
2370 2132 2581 2174 meum
2613 2110 2870 2175 Olemum
2904 2113 3113 2170 trans-

843 2198 1115 2262 mittere.
1166 2196 1687 2262 Illustrissimum
1740 2197 1882 2261 Dum
1929 2198 2413 2263 Proveditorem
2466 2207 2531 2265 ct
2591 2218 2809 2263 omnes
2859 2202 3112 2261 nostros

840 2286 1179 2352 benevolos
1199 2287 1291 2351 M.
1314 2288 1433 2353 Vr*
1471 2310 1665 2370 quam
1698 2287 2158 2353 officiosissime
2191 2289 2477 2354 salutare
2509 2289 2678 2371 velit,
2712 2294 2778 2353 et
2808 2308 2924 2351 nos
2957 2285 3113 2369 ipsis

844 2378 1291 2441 commendare
1339 2379 1405 2442 in
1458 2378 1770 2443 omnibus.
1824 2378 1928 2442 De
1978 2386 2228 2443 coetero
2277 2378 2369 2442 M.
2405 2380 2566 2446 Vram
2607 2377 2751 2442 Deo
2786 2383 2913 2460 opt.
2945 2397 3112 2439 mair.

845 2468 1235 2547 commende,
1270 2489 1460 2550 quem
1493 2469 1742 2533 salvum
1773 2468 2285 2551 incolumemque
2335 2470 2549 2533 videre
2589 2490 2664 2533 ex
2698 2469 2912 2533 animo
2947 2472 3114 2548 opto,

844 2556 1091 2621 Datum
1122 2558 1189 2620 in
1224 2556 1539 2622 Szarallio
1573 2558 1676 2621 die
1713 2564 1748 2622 7
1785 2560 2020 2623 mensis
2053 2558 2102 2622 J
2105 2560 2360 2623 anuarii
2412 2581 2579 2624 anno
2617 2558 2887 2625 Domini
2921 2558 3116 2620 1624.

1060 2666 1164 2730 Ill.
1198 2674 1261 2731 et
1293 2665 1534 2749 Magcae
1565 2666 2042 2731 Dominationis
2077 2667 2220 2735 V¹³³⁰

1357 2771 1643 2838 Sci-vitor
1676 2775 2128 2856 paratissimus
2161 2781 2226 2839 et
2256 2771 2530 2840 Amicus
2561 2775 2902 2840 benevolus

2161 2882 2532 2966 Stephanus
2563 2883 2856 2948 Hatvani

1990 2971 2054 3038 S.
2089 2975 2167 3038 R.
2207 2973 2576 3058 Majestatis
2615 2973 3028 3040 Camerarius

2328 3063 2680 3129 DesiensiS.

1069 3179 1111 3228 A
1149 3187 1288 3246 {erqo
1310 3197 1327 3231 :
1376 3175 1589 3232 Illustri
1622 3181 1675 3231 et
1707 3177 2008 3249 Magnifice
2029 3178 2144 3234 D¹²⁰
2183 3178 2259 3232 M.
2292 3178 2538 3234 Antonio
2556 3177 2839 3233 Vellutelli
2871 3175 3128 3231 Salubri-

848 3267 983 3322 tatis
1014 3267 1371 3321 Venetiarum
1404 3269 1461 3322 in
1494 3273 1655 3338 portu
1690 3267 2008 3338 Spalatensi
2042 3269 2222 3324 Priori
2256 3287 2353 3324 nec
2386 3287 2496 3324 non
2517 3261 2678 3324 Sermi
2709 3258 2812 3322 Ι)1Ξὶ
2841 3267 3130 3336 Principis

848 3357 1297 3427 Transylvaniae
1329 3358 1537 3429 Agenti
1570 3365 1671 3412 etc.
1707 3358 1823 3411 D¹²⁰
1868 3365 1924 3413 et
1955 3360 2130 3414 amico
2162 3360 2294 3413 mihi
2329 3359 2783 3414 Servandissimo.

847 3517 922 3589 (A
956 3515 1323 3589 gysiriipccset
1355 3519 1585 3588 teljesen
1616 3515 1701 3587 cp,
1724 3535 1758 3572 a
1789 3517 1989 3574 czimer
2019 3517 2228 3574 tisztan
2259 3519 2490 3574 lathato.
2511 3519 2660 3579 Ezen
2693 3516 2850 3572 kivul
2882 3514 3086 3571 {rassal
3115 3537 3127 3571 ε

1728 3607 1981 3664 Hatvani
2017 3605 2253 3679 Istvan.)

1831 3818 2149 3827 ψ

845 3976 855 3988 “
898 3999 957 4058 Α
1004 3993 1280 4080 spalato'i
1324 4017 1520 4058 comes
1568 3995 1920 4062 bekilldve'n
1967 4021 2008 4059 a
2040 3996 2332 4082 f'o’ntebbi
2379 3995 2605 4072 Ζουεῑεί,
2653 3989 2852 4058 εεεῘιτεί
2897 3997 3078 4080 iria:

1076 4153 1345 4239 Spalato
1380 4161 1464 4220 23
1518 4154 1844 4222 Genuam.
1895 4159 2140 4223 Mando
2173 4157 2305 4222 alla
2337 4153 2507 4222 Serti*
2539 4157 2600 4224 V
2604 4166 2655 4194 ‘²²
2695 4157 2966 4240 alligata
2998 4181 3132 4223 una

842 4243 1077 4308 lettera
1108 4247 1223 4310 che
1256 4267 1357 4310 scr
1389 4249 1487 4310 ive
1520 4247 1629 4312 dal
1658 4247 1989 4331 Seri-aglio
2027 4249 2092 4313 al
2125 4247 2446 4316 Villutelli
2477 4248 2517 4312 l'
2538 4248 2828 4313 Hatvani
2860 4255 3031 4312 stato
3065 4250 3132 4312 in

851 4339 1095 4398 cotesta
1134 4336 1291 4401 citt-a
1334 4359 1447 4419 per
1480 4359 1665 4400 nome
1699 4339 1764 4401 di
1797 4337 2098 4402 Bethlem
2132 4335 2374 4418 Gabor,
2405 4339 2472 4402 la
2504 4337 2694 4421 quale
2743 4341 2934 4420 petra
2981 4339 3132 4404 sim-

851 4422 1241 4508 plicemcnte
1274 4427 1486 4491 valere
1519 4449 1633 4510 per
1654 4427 1854 4510 quelli
1886 4428 2052 4493 delle
2074 4429 2226 4492 Ecc.
2261 4429 2374 4495 Vre
2397 4430 2514 4493 che
2536 4429 2590 4493 si
2623 4428 3129 4510 compiacessero
