3459 5300
858 322 879 374 l
898 322 975 375 70
1179 322 1200 374 1
1217 322 1250 371 6
1262 322 1296 373 2
1308 318 1996 378 5.‘·1·Ax,icsnxr1inozrr01<.
2029 333 2229 377 κὸνετῐ
2263 330 2787 381 andri-:namneum

850 498 1015 561 senti
1055 500 1231 561 statu
1270 516 1680 559 conservare:
1714 496 1950 561 Tillius
1999 496 2168 561 male
2220 498 2285 561 in
2337 496 2600 563 Ducatu
2647 496 3101 563 Brunsvicensi

850 610 979 651 rem
1017 588 1169 670 agit,
1210 588 1542 670 'Principes
1577 586 1895 651 inferioris
1926 585 2246 653 'Saxoniae
2267 618 2274 626 ·
2297 595 2549 670 pavent,
2582 590 2736 671 quia
2779 590 3008 653 fortem
3041 596 3100 651 et

847 677 1129 742 validum
1176 678 1449 741 vicinum
1482 676 1725 741 habent
1758 684 1823 741 et
1853 680 1976 760 ipsi
2013 679 2076 741 in
2109 677 2290 743 nulla
2335 677 2698 743 defensione
2728 680 2824 743 sui
2875 680 3102 743 muniti

848 774 1013 831 sunt.
1047 764 1438 831 Collonellus
1471 764 1837 833 Obentraut
1871 768 2082 833 factus
2114 774 2212 831 est
2245 766 2588 833 Generalis
2633 768 3104 835 Locumtenens

848 858 1044 922 totius
1098 858 1446 940 Equitatus
1494 859 1562 921 in
1614 858 1824 941 Regia
1883 858 2197 923 Armada.
2251 856 2493 924 Classis
2555 857 2929 943 Anglicana
2971 859 3104 943 jani

851 949 1042 1013 solvit
1090 954 1155 1012 et
1205 949 1270 1012 in
1318 949 1481 1012 mari
1534 954 1650 1024 est,
1702 946 1872 1031 qnod
1923 950 1988 1013 111
2039 951 2364 1032 proposito
2397 949 2635 1014 habeat
2667 952 2909 1033 ignom,
2941 950 3104 1015 faxit

850 1039 1048 1121 DeuS,
1068 1045 1142 1103 ut
1168 1037 1409 1120 aliquid
1447 1038 1729 1102 salutare
1753 1038 2004 1105 efficere
2025 1042 2263 1122 possit:
2304 1039 2570 1104 Ultrum
2588 1040 2756 1105 Baia
2787 1040 2864 1105 de
2899 1038 3108 1105 'Podos

848 1129 945 1193 los
980 1128 1214 1194 Santos
1248 1128 1333 1192 sit
1362 1134 1675 1211 occupata
1706 1134 1826 1193 etc.
1859 1129 2166 1195 Proxima
2199 1132 2561 1213 septimana
2581 1153 2726 1195 cum
2748 1152 2941 1196 uxore
2964 1152 3107 1194 mea

850 1218 1108 1284 Coriam
1128 1218 1498 1301 proficiscar
1536 1224 1601 1282 et
1622 1218 1949 1283 octiduum
1971 1219 2206 1284 ibidem
2229 1241 2372 1284 cum
2405 1222 2738 1285 venatione
2770 1222 3107 1285 insumam.

850 1311 993 1374 Rex
1012 1309 1395 1391 Hungariae
1417 1308 1671 1391 penitus
1695 1309 1907 1375 nullas
1936 1332 1976 1373 a
1996 1309 2190 1391 vobiS,
2213 1310 2747 1393 quemadmodum
2781 1310 3112 1378 scultetus

850 1400 962 1483 qui
1012 1400 1298 1464 Berolini
1353 1406 1466 1475 est,
1516 1401 1762 1475 annuit,
1813 1402 2074 1483 accepit,
2131 1400 2242 1465 sed
2293 1400 2454 1465 bene
2505 1407 2718 1467 tamen
2769 1423 2944 1467 meas
2996 1422 3112 1484 per

850 1491 1045 1555 aliam
1080 1490 1267 1565 viam,
1299 1510 1485 1571 spero
1518 1489 2006 1573 Stmsburgium
2048 1492 2186 1575 jam
2220 1514 2293 1554 eo
2345 1490 2688 1575 appulisse.
2739 1492 2885 1573 Ego
2933 1513 3112 1555 man-

852 1580 1017 1645 dabo
1040 1578 1409 1645 Rusdorffio
1442 1586 1514 1643 ut
1544 1580 1611 1643 iu
1640 1601 1835 1644 causa
1869 1602 2021 1645 suae
2054 1583 2540 1647 sustentationis
2572 1604 2706 1646 rem
2739 1581 2820 1646 de
2851 1604 3012 1647 novo
3046 1584 3112 1645 111

851 1670 1227 1735 memoriam·
1266 1675 1533 1733 revocet.
1586 1670 1772 1753 Rogo
1820 1668 2032 1735 Deum
2085 1670 2241 1736 velit
2271 1693 2379 1736 vos
2418 1672 2605 1756 longe
2637 1672 2701 1736 in
2735 1672 2903 1737 bona
2950 1670 3108 1737 vali-

852 1760 1073 1827 tudine
1110 1781 1485 1826 conservarc
1526 1765 1642 1825 etc.

2629 1852 3024 1917 Fridericus.

1436 2104 1924 2192 Tillyjeyyzetei
1956 2129 1997 2169 a
2011 2106 2192 2191 fenti
2227 2104 2500 2167 levelhez.

1083 2319 1094 2333 .
1128 2319 1139 2331 .
1173 2268 1292 2331 ‚Et
1323 2270 1614 2351 quamvis
1648 2268 1995 2350 putatitius
2027 2268 2170 2333 Rex
2204 2267 2590 2350 Hungariae
2622 2267 2927 2331 Palatino
2951 2264 3116 2331 nihil

853 2357 1109 2437 scribat,
1142 2366 1357 2423 tamen
1408 2360 1617 2422 innuit
1670 2358 1998 2423 Scultetus
2030 2357 2356 2437 Be1·olin0‚
2391 2354 2858 2439 Strazburgum
2890 2377 2966 2419 eo
2999 2378 3118 2439 per

850 2449 1043 2513 aliam
1077 2449 1245 2511 viam
1278 2446 1577 2531 apulisse,
1610 2448 2139 2514 Rusdorst'habet
2187 2450 2253 2512 in
2287 2447 2610 2513 mandatis
2640 2449 2706 2511 in
2738 2448 3116 2511 memoriani

850 2560 1147 2602 revocare
1184 2538 1304 2603 hoc
1341 2540 1439 2603 vel
1472 2537 1629 2602 illud
1683 2544 1877 2621 prout
1909 2560 1983 2601 ex
2016 2538 2304 2603 Palatini
2337 2537 2542 2603 literis
2575 2544 2846 2621 apparet
2891 2536 3118 2620 procul

851 2627 1061 2694 dubio.
1139 2628 1523 2694 Bethlehem
1602 2624 1828 2694 Gabor
1908 2630 2220 2713 permovit
2300 2628 2472 2711 quod
2544 2628 2826 2694 vicissim
2905 2626 3120 2692 denuo

850 2726 1075 2784 contra
1096 2726 1346 2784 tantum
1388 2721 1789 2802 promissum,
1810 2741 1992 2784 arma
2031 2725 2254 2785 contra
2287 2717 2674 2784 Caesaream
2696 2717 3118 2802 Majestatem

851 2812 1171 2893 corripere
1205 2808 1359 2873 velit
1420 2830 1496 2874 ea
1540 2811 1854 2893 opinione,
1892 2816 1964 2876 ut
2017 2814 2081 2874 in
2133 2809 2443 2890 ejusmodi
2493 2809 2994 2876 circumstantiis
3047 2813 3115 2872 et

850 2900 1115 2965 diversis
1148 2899 1569 2984 apparatibus
1602 2900 1904 2983 capitalis
1945 2901 2115 2966 Suae
2151 2898 2467 2964 Cesareae
2500 2899 2872 2984 Majestatis
2905 2898 3114 2964 hostis

852 2997 917 3055 et
978 2992 1088 3072 qui
1138 3013 1279 3056 cum
1355 2989 1466 3054 illo
1518 2992 1881 3055 interessati
1935 2998 2100 3070 sunt,
2170 2990 2521 3056 communis
2588 2990 2858 3053 intentio
2909 2991 3123 3071 magis

851 3082 1185 3164 magisque
1218 3086 1531 3165 appareat
1562 3085 1683 3144 etc.

1070 3318 1325 3381 Eredeti
1352 3321 1507 3381 ἀἰτίη
1528 3347 1545 3378 .-
1578 3316 1834 3382 Dilecte
1867 3315 2096 3383 Comes
2135 3317 2212 3381 de
2247 3317 2461 3394 Tui-ri,
2493 3316 2678 3380 binas
2711 3313 2992 3382 Vestras
3015 3315 3122 3380 lit-

854 3415 1027 3473 teras
1060 3409 1137 3471 ‹lc
1170 3408 1323 3472 dato
1356 3412 1413 3472 8.
1458 3414 1522 3472 et
1559 3412 1658 3473 15.
1692 3406 1991 3473 Octobris
2025 3407 2215 3471 simul
2249 3411 2305 3470 2.
2340 3405 2722 3471 Novembris
2756 3427 2900 3468 cum
2951 3406 3126 3470 rela-

853 3501 1027 3564 tione
1090 3499 1167 3562 de
1216 3497 1653 3580 StrasburgiO,
1704 3517 1872 3581 quae
1921 3497 2080 3561 mihi
2129 3497 2405 3562 multum
2458 3502 2646 3579 grata
2695 3502 2809 3572 est,
2865 3494 3127 3579 accepi:

856 3610 1041 3672 spero
1074 3587 1425 3654 Dominum
1459 3588 1671 3652 Deum
1703 3590 1774 3652 in
1810 3587 2104 3652 omnibus
2155 3587 2309 3651 locis
2361 3585 2541 3650 nobis
2593 3584 3126 3652 benedicturum:

853 3677 1205 3762 optandum
1258 3685 1441 3758 esset,
1494 3684 1565 3742 ut
1614 3679 1758 3742 Rex
1814 3676 2196 3760 Hungariae
2249 3698 2326 3741 ex
2377 3698 2496 3740 sua
2546 3681 2736 3759 parte
2787 3678 3127 3758 negotium

854 3769 1159 3833 adversae
1194 3770 1363 3852 parti
1413 3767 1777 3848 facesseret,
1809 3769 2154 3850 praecipue
2194 3789 2338 3830 cum
2371 3787 2540 3831 nunc
2571 3771 2860 3848 optatam
2878 3765 3126 3830 habeat

854 3859 1268 3936 occasionem,
1316 3865 1379 3922 et
1414 3858 1655 3922 nullam
1708 3859 2142 3922 resistentiam
2189 3859 2489 3940 reperiat.
2538 3854 2712 3920 Nam
2766 3855 3004 3921 Tillius
3059 3861 3129 3919 et

852 3949 1388 4012 Wallensteinius
1430 3970 1572 4013 cum
1597 3949 1881 4012 exercitu
1904 3945 2222 4012 Caesareo
2243 3949 2400 4011 satis
2421 3946 2588 4029 quod
2613 3952 2841 4010 contra
2867 3947 3124 4028 Regem

854 4039 1108 4110 Daniac
1140 4044 1355 4121 agant,
1387 4038 1660 4102 habent:
1694 4038 1774 4103 de
1808 4038 2060 4121 Sponsa
2092 4059 2208 4102 sua
2239 4058 2502 4102 securus
2535 4041 2650 4117 est,
2683 4042 2750 4099 et
2771 4034 2931 4099 nihil
2955 4035 3130 4100 desi-

854 4130 1119 4192 deratur
1150 4129 1328 4193 aliud
1366 4134 1623 4210 praeter
1668 4150 1866 4210 quam
1923 4133 1996 4191 ut
2047 4130 2215 4192 viam
2267 4127 2388 4190 sibi
2439 4133 2786 4210 praeparet
2835 4125 2916 4189 ad
2975 4147 3127 4190 eam

856 4241 1072 4282 secure
1106 4221 1171 4282 in
1205 4217 1460 4282 domum
1500 4239 1683 4283 suam
1734 4218 2282 4282 introducendam.
2311 4217 2568 4282 Vienna
2617 4215 2937 4293 scribitur,
2969 4237 3128 4280 eum

852 4308 1123 4372 militem
1176 4329 1357 4372 suum
1409 4307 1790 4388 licentiasse,
1845 4308 2014 4390 quod
2065 4329 2180 4390 ego
2231 4327 2492 4389 sperare
2560 4305 2774 4370 nolim.
2843 4303 3130 4370 Gaudeo

854 4399 1090 4463 (lamna
1156 4399 1222 4461 in
1292 4397 1707 4464 Valletellino
1777 4398 1938 4462 bene
1995 4419 2134 4462 esse
2185 4402 2506 4480 reparata,
2567 4397 2617 4459 si
2691 4395 2878 4460 modo
2959 4392 3132 4460 Gal-

854 4487 943 4554 lia
976 4493 1146 4555 recte
1181 4487 1264 4552 ad
1305 4509 1407 4554 res
1443 4487 1587 4554 illas
1620 4487 1987 4554 attenderet
2019 4493 2084 4552 et
2133 4488 2360 4570 Regno
2413 4509 2525 4551 suo
2577 4487 2860 4570 quietem
2913 4487 3130 4552 conci-
