3459 5300
797 277 836 335 8
1638 295 1885 330 niernum<
1920 295 1973 332 e.
2008 295 2259 332 annnm.

799 451 1041 518 Ser¹¹¹¹¹¹¹¹
1092 452 1340 516 Ducem
1393 450 1726 534 pervenire
1776 451 2013 533 possit:
2065 449 2159 514 Et
2212 469 2326 514 nos
2360 449 2527 512 hauc
2557 447 2683 531 ipsi
2716 446 3069 512 exhibitam

797 542 1305 608 benevolentiam
1347 538 1586 606 mutuis
1621 540 1851 606 studiis
1903 539 2191 623 qualibet
2222 539 2554 604 occasione
2595 537 2813 602 oblata
2846 559 3069 622 repen-

797 633 947 697 dere
983 631 1413 698 studebimus:
1447 631 1587 713 Ipsi
1621 637 1850 696 cuncta
1882 631 2138 696 foelicia
2170 636 2234 694 et
2266 649 2578 712 prospera
2630 650 2669 692 a
2720 627 2864 692 Deo
2905 648 3069 693 com-

801 728 1155 806 precanteS.
1187 722 1435 787 Datum
1468 723 1534 785 in
1569 719 1819 788 Castris
1872 722 2109 786 nostris
2161 720 2244 785 ad
2293 720 2645 784 Posonium
2687 718 2933 802 positis,
2964 716 3071 781 die

802 819 1036 896 quarta
1067 811 1302 877 mensis
1337 811 1737 895 Septembris
1776 833 1945 876 anno
1976 809 2091 876 Ι)1Ίὶ
2154 807 2565 876 MDCXXI.

1667 902 1981 986 Ejusdem
2014 900 2358 966 benevolus

1966 997 1975 1002 “
2502 987 2774 1055 Gabriel
2806 1011 2885 1053 m.
2922 1011 2981 1072 p.

1021 1109 1068 1160 A
1102 1117 1243 1176 teryo
1263 1127 1282 1161 .·
1331 1105 1501 1161 Sei-'¹²⁰
1550 1105 1799 1176 Principi
1850 1105 2097 1160 Antonio
2160 1105 2345 1160 Priolo
2396 1105 2503 1160 Dei
2566 1105 2752 1176 gratia
2820 1104 3075 1175 Inclytac

805 1197 973 1254 Urbis
1006 1203 1060 1253 et
1092 1197 1318 1268 Reip⁰⁸⁶
1349 1196 1706 1252 venetiarum
1742 1196 1931 1267 Duci„

1307 1283 1386 1356 (A
1416 1305 1650 1359 magyar
1679 1285 1888 1356 kiralyi
1920 1284 2181 1356 pecsettel
2214 1282 2561 1356 pecsetelve.)

1902 1603 1985 1670 V.

1623 1733 1812 1793 1623.
1860 1728 2101 1813 april
2150 1734 2250 1794 23.

1247 1856 1570 1921 Vellwtello
1622 1849 1817 1919 Mei-rsit
1864 1853 2143 1940 spalatdz‘
2184 1853 2648 1918 kereskediinek.

1028 1999 1298 2065 Gabriel
1327 2000 1458 2064 Dei
1509 1999 1741 2082 gratia,
1792 1997 1975 2064 Sacri
2026 1999 2307 2064 Romani
2354 1998 2623 2081 Imperii
2679 2004 2744 2062 et
2792 1997 3079 2064 Transil-

811 2092 1037 2156 vaniae
1076 2091 1406 2173 Princeps,
1445 2089 1730 2172 partium
1764 2088 1976 2170 Regni
2026 2089 2409 2171 Hungariae
2460 2087 2798 2166 DominuS,
2834 2085 3079 2154 Siculo-

812 2203 956 2245 rum
991 2179 1220 2246 Gomes
1254 2201 1330 2246 ac
1363 2177 1677 2264 Oppoliae
1717 2179 2225 2260 Ratiboriaeque
2263 2177 2435 2243 Dux.

1027 2269 1283 2336 Nobilis
1333 2277 1398 2334 et
1447 2268 1728 2334 Strenue
1779 2268 1962 2333 nobis
2014 2275 2213 2352 grate.
2248 2267 2427 2352 Quas
2469 2268 2650 2332 nobis
2685 2267 3083 2333 elucubravit

813 2361 1053 2439 literaS,
1086 2382 1217 2424 una
1249 2382 1394 2426 cum
1425 2360 1710 2436 annexis,
1750 2360 2129 2442 accepimus.
2170 2359 2255 2422 Et
2306 2358 2475 2441 quod
2524 2357 2896 2424 concredita
2943 2357 3088 2422 dili-

816 2457 1040 2533 genter
1072 2457 1344 2516 executa
1375 2451 1520 2527 sint,
1538 2449 1812 2531 benigne
1843 2448 2293 2513 intelleximus,
2327 2449 2718 2530 Pergratum
2751 2447 2933 2512 nobis
2966 2448 3085 2512 hoe

816 2541 1193 2622 obsequium
1225 2561 1301 2605 ac
1333 2540 1556 2622 quavis
1599 2538 1928 2604 occasione
1968 2539 2314 2604 elementia
2361 2544 2915 2622 recompensatum
2966 2537 3086 2602 sibi

816 2630 1287 2714 deprehendet3
1337 2629 1723 2714 praesertim
1756 2629 1810 2694 si
1842 2629 1984 2713 pari
2026 2629 2364 2695 alacritate
2417 2628 2765 2695 desudarit.
2798 2629 3086 2711 Respon-

817 2720 1108 2787 debimus
1142 2721 1397 2804 scriptis
1418 2720 1612 2797 brevi,
1635 2724 1702 2784 et
1724 2720 1856 2785 alia
1887 2718 2341 2784 commoditate
2360 2719 2583 2784 literas
2604 2727 2855 2783 nostras
2876 2727 3084 2784 trans-

819 2812 1163 2889 mittemus,
1196 2832 1272 2875 ac
1305 2816 1377 2875 ut
1409 2810 1723 2893 benignae
1746 2810 1813 2873 in
1846 2831 1912 2873 se
1944 2810 2387 2893 propensionis
2429 2816 2689 2874 nostrae
2720 2808 3090 2873 munificen-

821 2902 978 2966 tiam
1009 2900 1396 2984 experiatur,
1429 2900 1779 2964 clementer
1801 2899 2277 2982 prospiciemus.
2301 2898 2422 2964 Cui
2443 2900 2521 2964 de
2542 2906 2794 2965 caetero
2815 2899 3091 2981 benigue
3115 2951 3131 2958 -

819 2992 1123 3075 propensi
1155 3012 1576 3055 remanemus.
1608 2989 1857 3054 Datum
1889 2989 1955 3053 in
1976 2987 2152 3055 Arce
2186 2994 2409 3054 nostra
2430 2989 2816 3055 Varadiensi
2850 2989 2953 3053 die
2988 2993 3090 3053 21.

819 3080 1055 3146 mensis
1087 3078 1340 3163 Aprilis
1375 3102 1542 3146 anno
1575 3079 1840 3144 Domini
1886 3083 2073 3143 1623.

2556 3232 2561 3243 ,
2714 3164 3002 3234 Gabriel.

1040 3270 1086 3320 ,1
1121 3278 1260 3338 lvi-90
1283 3289 1300 3320 .·
1333 3268 1518 3325 Nobili
1551 3268 1742 3321 Marco
1780 3264 2025 3321 Antonio
2046 3266 2342 3322 Vellutello
2362 3266 2483 3322 Civi
2516 3272 2571 3321 ct
2590 3267 2927 3339 negotiatori
2946 3265 3093 3321 Civi-

829 3358 958 3411 tatis
995 3356 1368 3427 Spalatrensis
1399 3363 1504 3411 ete.
1537 3358 1712 3413 Nobis
1747 3362 1925 3429 grato

1455 3462 1775 3539 (Fejedelmi
1814 3463 2075 3537 pecsettel
2116 3463 2462 3536 pecsdtclvc.)

1895 3801 2017 3867 VI.

1635 3950 1821 4010 1623.
1865 3945 2176 4029 junius
2228 3949 2283 4007 7.

1737 4091 2195 4177 Uyyanarmak.

1044 4233 1314 4301 Gabriel
1345 4234 1473 4299 Dei
1506 4232 1744 4301 Gratia
1776 4234 2043 4300 Electus
2064 4233 2461 4316 Hungariae,
2487 4231 2879 4311 Dalmatiae,
2899 4229 3095 4297 Oroa-

825 4325 954 4480 ῖὲειε
995 4322 1461 4408 Slavoniaeque
1515 4326 1674 4401 Rex,
1708 4323 2199 4389 Transilvaniae
2250 4322 2561 4406 Princeps
2614 4328 2678 4387 et
2731 4320 3097 4389 Siculorum

885 4434 1058 4483 omes
1091 4421 1207 4479 etc.
