3459 5300
799 347 923 401 682
1325 348 1504 402 1626.
1553 365 1853 400 venusam
1900 355 2151 399 xiix-mizi<
2200 353 2543 400 ³1:21.1ssx‘r13251·31.

1011 522 1170 586 Post
1231 522 1651 586 salutationes
1715 519 2193 584 benevolentiae
2244 525 2310 583 et
2360 519 2746 584 sinceritatis
2810 519 3053 601 plenas‘,

795 619 1022 679 notum
1051 611 1194 676 fieri
1223 611 1532 688 volumus,
1595 633 1739 676 cum
1790 609 2201 693 supradictus
2264 609 2409 674 Rex
2439 609 2741 674 Bethlem
2802 609 3050 674 amicus

797 710 1013 768 noster
1043 723 1158 787 per
1191 703 1400 786 ipsum
1435 701 1928 766 Transilvaniae
1960 698 2285 783 Agentem
2338 699 2654 764 Thomam
2701 699 2951 765 Bursos
2982 701 3051 763 in

795 795 917 859 hac
949 791 1132 858 felice
1189 793 1396 857 Porta
1445 791 1879 870 Residentem,
1930 789 2135 856 Nobis
2186 789 2657 873 significaverit,
2697 811 2847 856 cum
2878 811 3057 854 exer-

797 886 929 949 citu
961 905 1077 948 suo
1108 905 1175 948 se
1211 903 1288 947 ex
1343 881 1800 948 Transilvania
1830 881 1915 946 ad
1946 881 2189 946 bellum
2255 880 2606 962 gerendum
2667 880 3056 956 discessisse,

797 981 863 1039 et
895 975 950 1038 si
981 975 1046 1039 in
1079 974 1268 1052 bello,
1300 975 1401 1038 vel
1431 980 1642 1038 morte
1705 971 1993 1038 naturali
2055 971 2154 1036 vel
2216 971 2442 1054 quovis
2504 971 2634 1035 alio
2670 969 2857 1048 facto,
2890 973 3057 1035 mori

800 1064 1126 1140 acciderit,
1157 1065 1222 1128 in
1256 1064 1376 1128 tali
1406 1085 1558 1128 casu
1591 1085 1670 1128 ne
1703 1062 1915 1146 Regni
1968 1061 2459 1127 Transilvaniac
2520 1081 2829 1144 magnum
2890 1063 3057 1144 peri-

799 1155 1033 1234 culum,
1093 1153 1245 1219 dum
1296 1159 1573 1231 vacaret,
1652 1153 2007 1236 Imperium
2042 1152 2302 1230 subiret,
2335 1153 2428 1216 uti
2462 1173 2541 1216 ex
2572 1171 2883 1215 consensu
2918 1151 3059 1216 Pri-

797 1266 1048 1310 morum
1079 1242 1431 1326 Nobilium,
1481 1265 1591 1309 vos
1623 1243 2141 1327 gubernatricem
2176 1247 2239 1306 et
2270 1243 2649 1307 Provinciae
2681 1240 3060 1325 Principem

799 1335 1222 1401 constituisse.
1257 1332 1674 1419 Quapropter
1711 1332 2063 1399 secundum
2112 1333 2441 1400 Canonem
2473 1340 2547 1396 ut
2580 1355 2619 1397 a
2649 1331 2819 1396 felici
2852 1332 3061 1397 Porta

799 1424 1102 1490 vexillum
1165 1425 1549 1490 deauratum
1579 1431 1647 1491 et
1675 1422 2191 1508 Capitulationes
2222 1423 2605 1505 Imperiales
2636 1421 2814 1486 vobis
2845 1422 3060 1486 mitte-

799 1523 1042 1581 rentur.
1073 1514 1213 1581 Nos
1245 1522 1455 1581 totum
1487 1516 1818 1599 negotium
1838 1513 2011 1578 clare
2042 1512 2548 1592 infoi·mauimuS‚
2582 1518 2649 1577 et
2679 1513 3065 1594 petitionem

804 1609 870 1671 in
906 1605 1345 1689 Imperatoria
1406 1605 1734 1690 presentia
1798 1603 2149 1670 felicissimi
2210 1603 2636 1686 Imperatoris
2675 1603 2880 1668 nostri
2914 1601 3063 1668 feci-

801 1719 960 1778 muS‚
995 1718 1191 1780 quam
1223 1695 1540 1761 Maiestas
1563 1694 1698 1762 Sua-
1717 1695 2089 1778 Imperialis
2110 1699 2319 1758 ratam
2350 1693 2580 1758 habuit
2612 1699 2677 1758 et
2706 1694 3061 1758 secundum

801 1807 1184 1852 consensum
1230 1786 1567 1852 Nobilium
1614 1786 1877 1862 Terrae,
1938 1784 2075 1852 Vos
2109 1781 2652 1850 Gubernatricem
2684 1783 3065 1848 Provintiae

803 1876 1223 1942 confirmavit.
1270 1877 1504 1960 Itaque
1538 1883 1608 1941 ut
1638 1876 1777 1944 Vos
1810 1878 2118 1940 cert-iores
2180 1874 2476 1956 facerem,
2539 1874 2784 1959 scripsi,
2817 1881 2883 1938 et
2912 1874 3065 1938 misi

803 1968 919 2034 has
951 1989 1128 2033 meas
1163 1967 1500 2033 benevolas
1533 1966 1805 2045 litteras,
1827 1986 1993 2048 quae
2024 1972 2165 2030 tum
2197 1963 2403 2033 Vobis
2424 1963 2853 2048 pervenerint,
2886 1969 3067 2028 certa

803 2061 889 2122 sit
921 2058 1000 2122 de
1031 2058 1400 2122 desiderata
1460 2057 1859 2138 investitura,
1924 2063 1989 2120 et
2048 2061 2122 2120 ut
2169 2054 2375 2122 Vobis
2436 2054 2674 2120 bonum
2706 2060 2772 2118 et
2802 2074 3065 2119 necesse

801 2149 1128 2213 videretur
1159 2149 1244 2213 ad
1275 2148 1650 2224 custodiam,
1715 2154 1779 2212 et
1810 2148 2022 2229 gentis
2056 2146 2619 2223 conservationem,
2658 2144 3069 2228 diligentiam

803 2239 1108 2306 Vestram
1157 2238 1536 2318 adhibeatis,
1599 2245 1664 2302 et
1713 2257 1941 2304 secura
2004 2243 2204 2301 estote
2238 2243 2312 2300 ut
2345 2237 2826 2318 quamprimum
2893 2234 3066 2314 (Deo

801 2327 1084 2413 favente)
1129 2329 1350 2396 ⁴Vobis
1383 2350 1500 2412 per
1531 2328 1738 2393 virum
1789 2326 2235 2392 honorabilem
2273 2347 2312 2390 a
2351 2326 2705 2390 Maiestate
2768 2326 3065 2408 Impera-

803 2422 972 2484 toria
1005 2418 1389 2502 delegatum,
1422 2418 1918 2502 capitulationes
1954 2414 2520 2482 Gubernatoribus
2572 2415 3069 2480 Transilvaniae

807 2511 1049 2590 solitae,
1083 2517 1150 2574 et
1179 2510 1507 2577 Vexillum
1556 2508 1928 2591 Principale
1980 2513 2045 2572 et
2097 2509 2312 2572 omnia
2359 2507 2489 2572 alia
2524 2507 2818 2588 Insignia
2850 2526 3071 2570 secun·

807 2600 961 2665 dum
991 2600 1186 2666 ritum
1220 2601 1558 2683 antiquum
1589 2600 1946 2665 mittentur.
1995 2599 2141 2663 Hoc
2190 2604 2445 2663 tantum
2476 2598 2543 2662 in
2576 2596 2699 2661 hac
2730 2597 3069 2662 occasione

805 2696 1030 2755 notum
1064 2692 1204 2756 fieri
1235 2691 1422 2768 volui,
1483 2697 1548 2755 et
1577 2691 1657 2755 de
1689 2692 1811 2755 hac
1844 2711 1911 2755 re
1944 2689 2111 2755 bono
2142 2688 2356 2755 animo
2390 2696 2454 2753 et
2487 2689 2622 2753 sine
2674 2687 2811 2753 ulla
2850 2686 3069 2751 anxie-

806 2787 939 2846 tate
972 2788 1126 2862 est0,
1163 2786 1232 2845 ut
1263 2780 1608 2847 absolvam.
1641 2779 1835 2847 Salus
1867 2778 2009 2844 Deo
2048 2778 2386 2844 obedienti.

1025 2871 1356 2956 Scriptum
1385 2872 1454 2935 in
1486 2872 1711 2957 primis
1764 2870 1991 2935 Lunae
2040 2869 2259 2934 Leffer
2299 2868 2493 2935 Anno
2538 2872 2727 2933 1036.
2790 2866 2973 2932 Data
3004 2868 3076 2931 in

810 2963 1387 3047 Constantinopoli.

1239 3070 1306 3135 A
1342 3077 1560 3153 tergo:

1026 3161 1318 3240 (Lettere
1369 3161 1470 3225 del
1522 3160 1868 3227 Oaimecan
1932 3182 2045 3243 per
2076 3159 2115 3224 l’
2148 3154 2531 3225 investitura
2590 3157 2763 3222 della
2825 3158 3079 3223 Princi-

811 3274 998 3336 pessa
1032 3253 1098 3316 di
1133 3250 1601 3333 Transilvania,
1637 3251 1961 3315 chiamate
1996 3252 2063 3314 in
2095 3250 2325 3315 lettere
2358 3249 2425 3315 di
2459 3268 2724 3314 numero
2760 3244 2939 3331 651.)

1554 3548 1743 3607 1626.
1792 3542 2259 3607 november
2305 3546 2363 3604 2.

1031 3686 1452 3752 Serenissimo
1499 3687 1806 3769 Principe
1826 3736 2019 3750 .....
2036 3686 2100 3750 Il
2131 3684 2477 3751 Oaimecan
2511 3684 2598 3748 ha
2627 3688 2853 3747 tenuto
2884 3682 3083 3764 longa

814 3777 1111 3841 consulta
1172 3778 1270 3841 col
1322 3776 1517 3843 Musti
1554 3784 1618 3841 et
1649 3778 1801 3842 altri
1834 3777 2112 3841 ministri
2146 3796 2339 3857 sopra
2369 3774 2417 3838 li
2450 3773 2637 3838 affari
2670 3772 2728 3837 d'
2764 3770 3080 3855 Ongaria.

815 3867 1082 3932 Sentiva
1112 3868 1158 3931 il
1196 3867 1395 3931 Musti
1427 3867 1544 3933 che
1595 3890 1710 3950 per
1759 3874 2018 3933 troncar
2081 3864 2309 3931 affatto
2339 3864 2381 3928 l'
2416 3864 2749 3929 occasione
2782 3882 2823 3925 a
2856 3862 3080 3945 quella

817 3976 1068 4039 guerra,
1101 3958 1264 4023 fosse
1295 3958 1666 4023 immediate
1687 3956 2016 4021 Mortessz't
2055 3956 2219 4019 fatto
2252 3954 2490 4031 MasuL
2524 3960 2589 4017 et
2622 3953 2875 4035 spedito
2910 3952 3083 4017 altro

815 4048 1024 4113 Bassa
1058 4048 1174 4112 che
1207 4048 1449 4113 facesse
1511 4048 1750 4113 retirar
1784 4048 1998 4112 subito
2030 4046 2071 4111 l'
2107 4047 2404 4125 csercit03
2465 4065 2573 4108 ma
2619 4043 2752 4107 alla
2782 4044 3083 4125 maggior

813 4144 1003 4221 parte
1053 4136 1224 4221 degli
1287 4138 1438 4204 altri
1489 4138 1773 4222 parendo
1824 4139 1938 4203 che
1972 4138 2136 4201 oltre
2166 4136 2207 4199 l’
2240 4134 2563 4218 indignita
2592 4135 2654 4199 le
2685 4134 2991 4197 metteria
3021 4130 3083 4195 le

816 4250 959 4294 cose
991 4230 1057 4294 in
1089 4230 1380 4313 maggior
1411 4229 1693 4313 pericolo
1726 4251 1844 4292 con
1876 4228 1969 4293 tal
2001 4226 2292 4305 retirata,
2341 4231 2590 4290 mentre
2624 4223 2705 4307 gl'
2739 4221 3085 4306 Imperiali

818 4324 870 4388 si
905 4327 1172 4385 trovano
1205 4324 1331 4387 cosi
1397 4322 1619 4403 grossi,
1651 4327 1717 4384 et
1746 4320 1811 4383 in
1844 4318 2160 4383 necessita
2192 4316 2235 4381 il
2270 4313 2496 4381 Gabor
2522 4315 2585 4379 di
2618 4314 2798 4378 venir
2830 4336 2871 4377 a
2902 4312 3085 4396 qual-

821 4413 938 4478 che
971 4413 1239 4478 accordo
1271 4411 1731 4496 pregiudiciale
1753 4432 1868 4475 con
1900 4411 2056 4485 loro,
2091 4408 2142 4471 si
2178 4408 2211 4469 ἰ.»
2244 4407 2511 4470 risoluto
2546 4404 2609 4469 di
2644 4426 2772 4469 non
2806 4406 3086 4468 rimover

819 4505 1161 4585 Mortessa,
1225 4511 1290 4568 et
1350 4502 1743 4569 comandarli
1795 4502 1910 4568 che
1945 4496 2300 4565 svernando
2363 4496 2403 4561 l'
2458 4492 2813 4581 Imperiali‚
2877 4492 3091 4559 debba
