3459 5300
1243 408 1430 462 1625.
1469 426 1591 461 κον.
1629 405 1684 462 8.
2518 407 2591 459 13

539 595 584 642 Α
628 601 808 656 ter-5111.-
841 588 982 642 Illm⁰
1025 593 1078 642 et
1109 588 1268 642 Exmo
1302 587 1540 642 Hem-ion
1574 587 1849 642 Matthiae
1884 587 2083 641 comiti
2118 605 2148 641 a
2185 587 2370 656 'l'urri‚
2402 586 2595 640 Crucis

328 691 381 735 et
413 680 588 734 Vallis
621 678 880 734 Sassinae
912 679 1150 732 Domino
1185 697 1282 732 nee.
1333 696 1440 732 non
1479 676 1595 733 Ser.
1624 677 1784 747 Reip.
1818 677 2061 734 Venetae
2094 677 2381 731 Exercitus
2414 675 2593 730 Gene-

329 771 428 824 rali
461 777 516 824 et
548 769 816 839 Supremo
847 769 1034 840 legato
1065 773 1168 830 etc,
1205 769 1399 822 Amico
1437 768 1591 822 uobis
1631 767 1967 823 honorande.

1301 957 1616 965 .———-

1370 1120 1542 1186 XII.

1205 1269 1393 1328 1625.
1443 1285 1615 1328 nor.
1665 1269 1724 1327 Β.

1055 1406 1110 1470 Α
1163 1407 1461 1470 velenczei
1506 1407 1867 1471 sancit-enak.

539 1569 976 1634 Illustrissimi
1010 1569 1274 1632 Domini
1307 1569 1522 1634 Amici
1565 1567 2143 1632 observandissimi.

541 1657 736 1742 Quod
768 1681 1104 1742 supremus
1136 1659 1246 1724 ille
1280 1679 1493 1724 rerum
1533 1657 1806 1724 Arbiter
1838 1657 1919 1722 ab
1953 1659 2135 1722 initio
2168 1658 2406 1722 conditi
2460 1658 2597 1722 uni-

327 1749 508 1818 ver-si,
543 1751 866 1814 humanae
899 1757 1174 1814 naturae
1207 1751 1534 1832 sapienter
1567 1748 1928 1814 consultum
1964 1748 2272 1821 voluerat,
2306 1756 2377 1812 ut
2419 1755 2598 1812 ortus

328 1839 460 1920 ejus
493 1861 712 1916 causa,
738 1839 1208 1922 jucundissima
1239 1840 1400 1904 haec
1430 1841 1598 1904 vitae
1633 1840 1922 1915 societaS,
1958 1860 2121 1920 quae
2156 1839 2596 1902 sanctissimae

327 1929 482 2011 legis
515 1938 780 1994 nostrae
815 1930 1128 1994 institutis
1162 1929 1426 1995 definita
1458 1935 1575 2007 est,
1615 1929 1758 1994 fieri
1792 1936 2041 2012 posset:
2090 1927 2249 1992 illud
2300 1929 2599 1992 continuo

327 2019 664 2083 christiani
695 2018 931 2104 Populi
963 2043 1102 2097 usu,
1134 2019 1716 2101 mandatorumque
1740 2020 2101 2085 divinorum
2140 2018 2597 2090 observatione,

329 2129 365 2172 a
393 2115 492 2172 tot
527 2109 934 2183 retroseculis
967 2115 1296 2191 receptum
1329 2132 1472 2175 cum
1514 2109 1614 2186 sit,
1653 2110 1751 2174 his
1785 2109 2095 2174 institutis
2147 2115 2211 2173 et
2259 2108 2600 2173 clarissimi

327 2199 738 2282 maximaque
764 2199 1000 2282 ‚gloria
1039 2201 1393 2283 Principes,
1443 2206 1506 2265 et
1556 2200 1753 2264 etiam
1788 2201 1992 2264 omnis
2024 2200 2353 2264 hominum
2387 2198 2600 2263 condi-

328 2290 414 2352 tio
449 2341 462 2353 .
495 2338 510 2352 .
547 2339 583 2366 .,
615 2291 980 2372 posteritati
1015 2311 1170 2354 suae
1191 2291 1528 2372 famaeque
1550 2290 1903 2368 consulere,
1922 2289 2044 2354 sibi
2076 2289 2351 2354 maxime
2386 2309 2599 2354 neces-

327 2380 572 2444 sarium
605 2379 1009 2444 existimavit.
1043 2380 1430 2464 Eapropter,
1463 2402 1604 2444 cum
1639 2379 1780 2444 Nos
1814 2381 2027 2461 etiam,
2054 2379 2191 2462 jam
2224 2385 2417 2444 antea
2448 2378 2597 2443 fatis

331 2469 416 2533 ita
453 2469 838 2552 volentibus,
879 2470 1149 2553 conjuge
1200 2470 1428 2549 orbati,
1477 2471 1877 2554 posteritatis
1928 2469 2209 2535 Nostrae
2264 2469 2599 2551 famaeque

329 2558 648 2624 desiderio
696 2567 1128 2642 tangeremur,
1175 2559 1295 2625 hoc
1343 2583 1488 2624 cum
1537 2561 1764 2644 primis
1816 2559 2177 2626 faciendum
2229 2559 2411 2624 nobis
2462 2581 2598 2622 esse

329 2651 717 2732 putavimuS,
751 2658 822 2716 ut
871 2650 1154 2716 familiae
1204 2652 1582 2733 Doinusque
1617 2659 1873 2717 nostrae
1924 2651 2138 2716 decori
2189 2650 2595 2723 consulendo,

329 2741 710 2824 Principum
743 2740 1262 2807 Christianorum
1297 2742 1815 2823 necessitudiue3‚
1836 2743 2269 2823 arctioresque
2304 2742 2599 2823 conjunc-

331 2831 532 2897 tiones
585 2831 772 2896 nobis
823 2831 1288 2915 comparandas
1331 2832 1783 2915 judicaremus.
1836 2832 1931 2896 Et
1980 2832 2283 2913 quoniam
2334 2831 2495 2907 De0,
2535 2832 2597 2894 iu

329 2921 510 3003 cujus
543 2943 741 2985 manu
775 2922 972 2987 eorda
996 2922 1372 3005 Principum
1404 2922 1616 3005 posita
1649 2928 1815 2999 sunt,
1835 2923 1929 2987 ita
1959 2923 2165 2986 visum
2198 2922 2299 3002 sit,
2319 2928 2392 2985 ut
2416 2920 2600 2985 Sere-

333 3012 668 3076 nissimum
703 3011 1069 3077 Electorem
1099 3010 1750 3095 Brandenburgicum
1798 3034 1875 3076 ea
1908 3011 1984 3075 de
2019 3033 2214 3077 causa
2268 3012 2592 3093 requiren-

331 3100 480 3165 dum
521 3102 1013 3184 susciperemus,
1065 3100 1655 3185 Serenissimaeque.
1709 3102 1963 3168 Sororis
2015 3102 2153 3185 ejus
2203 3106 2363 3165 natu
2415 3102 2599 3165 mini-

333 3213 490 3269 mae,
539 3192 1026 3256 matrimonium
1077 3193 1545 3275 expeterimus3
1581 3194 1646 3256 in
1701 3214 1793 3270 eo,
1832 3214 1975 3257 cum
2026 3192 2299 3256 ulterius
2350 3212 2601 3273 proces-

333 3303 470 3345 sum
505 3302 626 3363 per
655 3282 938 3364 Legatos
991 3288 1244 3347 nostros
1275 3282 1501 3358 fuerit,·
1537 3282 1925 3365 tandemque
1976 3282 2309 3365 negocium
2343 3281 2407 3345 id
2458 3282 2601 3345 Deo

331 3372 594 3453 auspice
645 3373 738 3437 ita
792 3374 1162 3439 conclusum
1193 3373 1294 3453 sit,
1327 3380 1400 3437 ut
1440 3372 1929 3438 serenissimam
1962 3372 2331 3454 Principem
2380 3370 2601 3437 Domi-

335 3482 482 3525 nam
531 3460 953 3527 Catherinam
1000 3462 1538 3528 Marchionissam
1569 3463 2229 3545 Brandenburgicam,
2278 3462 2601 3539 Prussiae,

331 3550 556 3616 Juliae
610 3549 874 3629 Cliviae,
905 3552 1229 3618 Montium
1283 3552 1686 3635 Sedinorum,
1715 3555 2242 3629 Pomeranorum,
2263 3550 2602 3617 Oassubio-

331 3663 494 3719 rum,
525 3641 1005 3707 Wandalorum
1055 3664 1302 3707 necnon
1351 3643 1417 3707 in
1479 3641 1729 3721 Silesia‚
1782 3641 2068 3707 Crosnae
2118 3640 2600 3724 Carnoviaeque

335 3729 700 3809 Ducissam,
735 3732 1211 3816 Burggraviam
1231 3726 1879 3817 Norimbergensem,‘
1908 3734 2163 3816 Rugiae
2214 3732 2601 3815 Principem,

337 3819 749 3887 (lomitissam
780 3822 1094 3887 Marchae
1133 3830 1199 3887 et
1245 3824 1748 3907 Rawenspergii,
1781 3824 2200 3889 Ravenstenii
2251 3821 2601 3887 Dominam

337 3918 452 3975 etc.
504 3913 574 3976 in
623 3913 981 3995 legitimam
1049 3914 1217 3978 thori
1288 3915 1541 3978 sociam.
1600 3914 1789 3997 juxta
1857 3914 2052 3979 ritum
2104 3913 2313 3978 almae
2363 3911 2601 3977 Matris

338 4001 668 4067 Ecclesiae
702 4004 1208 4085 susciperemus3
1243 4004 1533 4087 Eiusque
1567 4004 2013 4070 deductionem
2044 4003 2127 4067 ad
2159 4002 2316 4081 Nos,
2350 4003 2603 4086 nuptia-

339 4114 480 4156 rum
515 4093 991 4159 solemnitatem
1042 4096 1356 4177 presentis
1389 4095 1494 4159 hic
1521 4095 1588 4159 in
1621 4092 1898 4160 Civitate
1929 4100 2151 4159 nostra
2199 4091 2601 4158 Oassoviensi

339 4181 420 4245 ad
451 4182 620 4246 diem
652 4182 1058 4266 Vigesimum
1091 4184 1441 4249 secundum
1471 4185 1704 4249 mensis
1756 4183 2099 4250 Februarii
2132 4184 2283 4247 anni
2315 4185 2601 4266 proxime

341 4273 590 4339 venturi
603 4272 1103 4355 celebraremus3
1124 4274 1610 4339 Elustrissimas
1630 4273 2397 4341 DominationesVestras
2420 4282 2601 4356 pera-

339 4370 594 4427 manter
653 4364 1075 4446 requirendas
1137 4372 1202 4430 et
1268 4372 1528 4448 rogatas
1579 4364 1929 4445 voluimus3
1978 4365 2179 4429 velint
2230 4386 2345 4447 per
2396 4371 2601 4429 certos

339 4451 628 4517 homines
666 4474 816 4519 suos
866 4477 900 4517 e
951 4456 1051 4519 sui
1102 4454 1311 4520 medio
1361 4454 1730 4538 deligendos
1782 4455 2173 4520 solemnitati
2226 4456 2602 4538 nuptiarum

343 4550 710 4609 nostrarum
749 4545 1076 4615 interesse.
1111 4568 1347 4628 easque
1379 4552 1685 4629 pergrata,
1719 4545 1900 4609 nobis
1951 4543 2207 4608 illorum
2261 4547 2601 4627 presentia,
