3459 5300
1053 319 1238 372 1526.
1264 322 1527 372 urstisio!
1561 325 1920 376 σκιεκτιέειικ.
2488 321 2605 374 201

341 512 516 552 nunc
567 509 918 572 superesse,
969 496 1042 554 ut
1092 489 1502 555 considerata
1550 491 1642 554 rei
1681 493 2032 574 aequitate.
2087 493 2325 556 iutuitu
2371 492 2613 574 Regiae

343 579 528 644 Ser²⁵⁸
605 581 836 644 titulus
887 580 1040 645 belli
1093 587 1158 646 et
1206 587 1531 646 momenta
1579 581 1776 645 etiam
1828 583 2075 647 ratione
2128 580 2369 647 Celdinis
2440 582 2613 648 Suae

345 670 818 752 quodammodo
867 671 1325 754 perpendatur,
1376 671 1484 736 ubi
1535 671 1905 754 propediem
1938 674 2267 755 cognitum
2306 673 2387 736 iri
2421 674 2503 736 ab
2537 695 2613 738 ea

347 761 738 826 Polonorum
804 763 1008 843 Rep⁰⁸
1085 762 1336 826 hostem
1411 767 1705 844 apertum
1786 762 2105 826 declarari
2185 762 2611 845 obsequentes

345 871 576 916 causas
597 850 772 916 nullo
792 851 982 916 modo
1000 872 1216 935 posse.
1249 903 1260 916 .
1293 902 1338 930 .,
1369 853 1576 937 primo
1610 851 1782 935 quod
1820 852 2146 935 Ungariae
2174 853 2617 937 Poloniaeque

347 942 582 1024 Regna
646 941 728 1005 ab
792 943 1260 1024 antiquissimis
1322 942 1718 1026 temporibus
1787 950 1966 1008 arcto
2026 943 2282 1008 foedere
2344 943 2613 1007 invicem

347 1031 661 1096 obstricta
709 1037 774 1096 et
823 1033 946 1097 hoc
995 1030 1448 1097 inviolabiliter
1509 1039 1859 1116 sancteque
1906 1039 2224 1098 serratum
2276 1033 2379 1098 sit.
2440 1033 2613 1098 Nam

347 1123 472 1187 etsi
505 1127 654 1186 ante
687 1121 810 1187 hac
840 1122 1152 1210 Poloniae
1185 1123 1328 1187 Rex
1374 1124 1686 1188 instinctu
1739 1123 2039 1188 Caesaris
2089 1124 2342 1206 aliquot
2389 1123 2616 1193 Cossa-

345 1234 570 1277 eorum
601 1211 808 1278 millia
838 1214 904 1277 in
937 1212 1299 1296 Ungariam
1331 1214 1596 1295 miserit,
1647 1217 1867 1278 tamen
1915 1214 1980 1279 id
2028 1235 2153 1278 non
2188 1235 2265 1278 ex
2301 1235 2614 1279 consensu

349 1301 744 1385 reipublicae
792 1302 1074 1384 factum3
1115 1305 1271 1386 quin
1305 1305 1500 1370 immo
1532 1304 1793 1369 decreta
1823 1307 2189 1370 avocatoria
2221 1325 2441 1369 severo
2475 1326 2615 1388 pro-

349 1393 640 1476 mulgata
671 1392 906 1476 quibus
924 1444 1159 1458 ......
1179 1445 1192 1470 ,
1233 1400 1306 1458 ut
1337 1401 1512 1460 certo
1543 1416 1619 1460 ac
1651 1393 2081 1460 determinato
2119 1394 2223 1459 die
2256 1393 2376 1460 sub
2408 1415 2616 1477 poena

349 1483 834 1566 proscriptionis
867 1490 934 1547 et
966 1483 1307 1549 amissione
1339 1483 1650 1553 bonorum
1683 1484 1751 1548 in
1782 1486 2069 1568 patriam
2100 1484 2389 1550 redirent
2420 1505 2615 1568 seque

349 1573 663 1639 tribunali
695 1574 1018 1639 sisterent.
1058 1573 1358 1640 Secundo
1393 1575 1562 1657 quod
1596 1574 1676 1639 ob
1708 1581 2023 1659 perpetua
2055 1583 2121 1640 et
2150 1576 2429 1640 transitu
2462 1575 2615 1640 saci-

349 1665 510 1728 lima
556 1669 780 1746 gentes
827 1664 1163 1748 utriusque
1219 1665 1496 1730 confinia
1555 1664 1889 1748 Ungariae
1950 1665 2349 1732 habitatores
2411 1666 2615 1732 saevis

349 1753 820 1836 irruptionibus
881 1754 1178 1838 ferroque
1231 1762 1296 1820 et
1343 1755 1621 1820 flammis
1682 1755 1966 1820 hostium
2023 1757 2323 1821 continue
2387 1755 2615 1839 objice-

349 1853 610 1924 rentur3
644 1844 876 1927 quibus
907 1845 1003 1908 ire
1035 1867 1110 1910 ac
1143 1846 1352 1911 redire
1386 1869 1530 1912 cum
1565 1867 1815 1930 semper
1844 1852 1986 1910 tuto
2018 1851 2083 1910 et
2112 1848 2371 1930 impune
2405 1846 2613 1922 liceat,

351 1933 552 2017 probe
599 1934 1026 1999 animadverti
1072 1937 1332 2018 quando
1382 1937 1594 2018 Regni
1645 1937 1892 2002 excidio
1926 1959 1965 2000 a
2000 1935 2208 2002 Oels⁰··
2242 1935 2377 2002 Sua
2422 1955 2616 2018 grave

347 2025 473 2090 hoc
523 2030 587 2090 et
635 2023 1083 2108 inexplicabile
1131 2026 1373 2091 bellum
1425 2027 1877 2110 susciperetur.
1935 2027 2177 2106 TertiO,
2224 2027 2393 2110 quod
2446 2025 2617 2090 facta

349 2115 804 2195 declaratione,
853 2136 934 2178 ne
968 2121 1186 2181 utrum
1219 2138 1294 2181 ex
1329 2117 1430 2182 his
1469 2117 1714 2200 Regnis
1748 2118 1815 2181 in
1846 2119 2064 2200 vigore
2112 2139 2225 2182 suo
2270 2117 2615 2181 consistere

349 2206 566 2270 valeat
598 2227 744 2270 cum
776 2204 1174 2272 cessantibus
1209 2214 1274 2273 et
1303 2203 1578 2273 sublatis
1617 2208 1926 2290 utrinque
1958 2207 2354 2273 commerciis
2389 2208 2615 2288 ingens

351 2297 622 2361 vastitas
654 2303 720 2361 et
749 2295 1024 2380 penuria
1055 2318 1268 2363 rerum
1302 2297 1661 2363 inducatur.
1701 2297 1887 2363 Unde
1920 2295 2279 2380 imposibile
2312 2303 2386 2362 ut
2416 2295 2616 2361 Natio

352 2387 684 2469 Ungarica
717 2387 800 2450 ad
832 2387 1302 2470 expeditionem
1351 2395 1577 2455 contra
1625 2389 1865 2452 vicinos
1917 2393 1982 2452 et
2032 2387 2475 2471 circumjectos
2510 2407 2615 2469 po-

346 2475 537 2561 pulos
567 2477 936 2560 persvaderi
969 2482 1182 2560 queat.
1231 2476 1480 2562 Quibus
1519 2479 1941 2544 consideratis
1972 2477 2225 2544 firmum
2260 2499 2337 2542 ac
2368 2484 2615 2540 certum

347 2589 490 2632 esse
538 2567 710 2651 quod
760 2564 968 2632 Oels⁶0
1000 2567 1136 2633 Sua
1185 2583 1331 2633 cum
1362 2570 1573 2652 Regia
1607 2569 1773 2634 Seru*
1828 2570 1895 2633 in
1952 2568 2225 2634 Polonia
2272 2569 2437 2632 vires
2471 2589 2615 2631 con-

347 2658 616 2743 jungere
677 2658 858 2723 nullo
918 2660 1107 2724 modo
1155 2661 1392 2743 possit;
1443 2682 1573 2743 qua
1623 2666 1893 2743 propter
1952 2658 2380 2725 necessarium
2430 2666 2504 2723 ut
2548 2659 2613 2723 in

345 2747 859 2813 consideratione
909 2770 1130 2815 eorum
1161 2771 1328 2833 quae
1354 2751 1622 2816 ferenda
1655 2771 1999 2834 oppressae
2047 2750 2339 2815 libertati
2371 2749 2614 2813 auxilia

343 2846 760 2912 concernunt,
809 2839 1143 2923 aliquanto
1179 2840 1494 2925 prolixius
1541 2847 1781 2924 agatur
1812 2847 1879 2905 et
1912 2861 2279 2906 communes
2327 2840 2612 2904 hostium

345 2932 536 3006 vires,
565 2929 839 2995 militiae
869 2951 1122 3008 nervus,
1151 2931 1563 2996 consiliorum
1583 2932 1772 3007 ratic,
1806 2929 2117 3013 cujusque
2154 2930 2369 3012 Regni
2402 2936 2613 2994 status

345 3027 418 3085 et
447 3021 734 3103 gentium
769 3020 1200 3105 subjectarum
1233 3022 1431 3086 animi
1463 3020 1779 3106 profunde
1814 3022 2241 3109 inquirantur.
2278 3016 2423 3102 Quo
2456 3042 2610 3084 casu

345 3112 506 3175 licet
539 3118 722 3175 extra
754 3111 1022 3176 dubium
1053 3113 1142 3176 sit
1173 3132 1366 3195 penes
1387 3113 1574 3177 Rom.
1607 3112 2100 3195 Imperatorem,
2132 3109 2607 3194 Hispaniarum

345 3202 616 3283 Regem,
650 3200 966 3266 Polonum
989 3208 1056 3265 et
1075 3202 1238 3267 alios
1263 3224 1448 3267 omne
1469 3209 1860 3267 momentum
1883 3202 2209 3285 potentiae
2242 3202 2611 3277 consistere,

349 3298 572 3355 tamen
619 3291 686 3355 in
738 3289 1100 3357 Germania
1148 3314 1318 3357 nunc
1369 3293 1698 3357 servitutis
1746 3299 1811 3356 et
1860 3312 2315 3357 aerumnarum
2355 3289 2505 3355 sede
2538 3312 2615 3353 ex

347 3380 532 3464 Tilly
561 3380 1070 3464 Walsteiniique
1102 3382 1308 3447 milite
1340 3383 1759 3466 praecipuum
1781 3382 1979 3446 robur
2010 3387 2324 3446 constare.
2360 3378 2614 3465 Quibus

345 3492 496 3537 cum
522 3470 658 3555 jam
690 3472 892 3555 Regis
923 3471 1180 3539 Daniae
1211 3474 1376 3537 vires
1409 3473 1741 3556 oppositae
1782 3473 1930 3553 sint,
1965 3470 2219 3536 Celsum
2256 3470 2455 3535 Suam
2488 3490 2612 3534 non

343 3560 650 3643 equidem
681 3561 912 3639 videre,
945 3563 1116 3627 unde
1147 3560 1390 3628 Caesar
1421 3563 1500 3627 de
1535 3585 1693 3627 novo
1721 3562 1974 3645 justum
2008 3562 2361 3626 exercitum
2389 3581 2615 3642 cogere

342 3652 570 3735 possit,
633 3672 822 3735 quem
884 3650 1224 3735 flagitante
1285 3655 1670 3718 necessitate
1735 3653 1949 3717 valido
2004 3654 2179 3717 hosti
2226 3650 2506 3735 objiciat,
2559 3650 2613 3713 si

343 3742 610 3824 quidem
640 3742 974 3823 Bohemia,
1001 3740 1282 3808 Austria
1302 3749 1367 3808 et
1383 3743 1680 3809 Moravia
1712 3744 2059 3809 atrocitate
2090 3742 2279 3807 famis
2312 3763 2390 3806 ac
2422 3740 2613 3824 pesti-

347 3832 607 3913 lentiae,
639 3833 836 3897 armis
867 3834 1238 3917 viribusque
1270 3833 1529 3916 penitus
1563 3836 1913 3899 exhaustae
1946 3835 2092 3910 sint,
2127 3840 2192 3896 et
2211 3832 2611 3897 habitatores

343 3922 530 3987 intra
558 3928 655 3987 tot
683 3924 1109 4006 paucissimas
1145 3926 1528 4003 exactiones,
1568 3924 1844 3989 sublatis
1894 3921 2433 3996 immunitatibus
2486 3942 2614 3985 ces-

345 4020 538 4076 sante
569 4013 700 4076 veri
730 4011 857 4077 Dei
890 4015 1072 4077 cultu
1123 4014 1242 4079 sub
1273 4014 1593 4078 horrendo
1641 4014 1956 4098 tyranidis
1998 4013 2155 4099 jugo
2188 4012 2613 4095 ingemiscant

343 4124 432 4167 ac
463 4102 908 4185 desperatione
961 4110 1299 4187 torpeant3
1348 4104 1442 4169 ita
1493 4112 1564 4169 ut
1593 4106 1658 4169 in
1695 4111 1884 4169 tanta
1914 4102 2387 4188 provinciarum
2421 4104 2613 4166 vasti-

347 4199 490 4256 tate
525 4243 788 4258 .....
831 4224 853 4258 ·.
902 4244 916 4258 .
965 4246 978 4257 .
1043 4194 1302 4259 omnino
1363 4202 1660 4277 nequeat.
1731 4195 1858 4259 His
1921 4202 2173 4258 mature
2234 4192 2612 4276 ponderatis

355 4334 376 4347 .
429 4334 878 4348 ........
924 4284 1102 4349 salvo
1148 4285 1400 4349 meliori
1443 4284 1688 4370 judicio
1736 4282 1993 4349 Oels¹¹⁰¹¹¹
2028 4283 2229 4350 Suam
2260 4282 2501 4347 sentire
2535 4290 2610 4347 ut

339 4395 496 4438 cum
548 4374 862 4438 instructo
909 4375 1206 4457 peditatu
1255 4381 1321 4439 et
1369 4381 1821 4439 veteranorum
1859 4373 2255 4458 Legion'ibus
2287 4374 2355 4438 in
2386 4373 2611 4437 Pome-

335 4466 602 4530 raniam
651 4464 862 4549 Regia
917 4464 1248 4531 Serenitas
1298 4465 1598 4549 trajicere
1630 4471 1697 4529 et
1728 4472 2033 4531 consueta
2080 4462 2489 4530 solicitudine
2537 4488 2612 4532 ac
