3459 5300
962 346 1148 399 1626.
1171 350 1439 401 nATosiffl
1471 353 1834 403 mmxrsssssx.
2397 344 2540 401 20:³3¹

270 518 515 581 minime
548 517 932 583 lacessitura
966 519 1067 597 sit,
1100 536 1216 581 nec
1246 516 1383 583 ulla
1414 520 1667 583 ratione
1700 541 1997 603 proceres
2029 520 2245 585 induci
2279 526 2522 603 que-ant

270 616 337 671 ut
363 614 587 672 contra
636 608 917 691 vigorem
962 608 1443 673 immunitatum
1496 609 1770 673 militem
1803 610 1885 675 ad
1917 609 2382 675 defendendam
2413 632 2524 693 pa-

266 700 445 763 triam
476 700 913 781 conscriptum
952 706 1135 763 extra
1184 696 1398 782 Regni
1444 699 1681 765 limites
1733 702 2052 765 emittant.
2106 701 2522 777 Duodecimn,

267 796 333 852 ut
378 788 604 854 audita
644 790 896 871 Regiae
944 788 1330 855 Serenitatis
1384 796 1611 855 eontra
1660 790 1942 855 Domum
1991 790 2336 857 Austriam
2387 812 2520 855 sus-

263 884 439 961 cepta
456 878 865 963 expeditione
886 878 1245 945 Tui-eorum
1265 880 1632 962 Imperator
1653 933 1665 945 .
1690 932 1701 944 .
1725 930 1737 943 .
1759 880 2212 952 haereditariis
2234 881 2518 965 ejusdem

263 970 594 1052 provinciis
642 990 760 1053 per
806 970 1084 1035 Bassam
1131 970 1503 1035 Budensem
1552 970 1786 1053 majori
1817 978 2052 1036 conatu
2101 971 2342 1036 bellum
2373 992 2518 1054 pro-

262 1065 601 1143 sequatur3
652 1062 764 1143 qui
797 1082 944 1125 eum
975 1058 1187 1125 adhuc
1216 1062 1538 1144 integram
1570 1082 1685 1144 per
1715 1062 2051 1144 Europam
2083 1063 2250 1127 vires
2282 1061 2521 1127 habeat

259 1157 319 1215 et
348 1151 625 1233 triginta
660 1150 1047 1216 milliaribus
1080 1148 1337 1217 Vienna
1370 1157 1629 1216 tantum
1662 1152 1850 1231 absit,
1892 1152 2167 1218 ditiones
2218 1150 2518 1217 Caesaris

259 1242 648 1323 gravissimis
698 1240 989 1307 cladibus
1038 1238 1299 1307 afficiat.
1358 1242 1627 1306 Decimo
1676 1243 1890 1321 tertie,
1953 1249 2028 1307 ut
2093 1242 2522 1307 Tartarorum

260 1326 669 1415 ChanOEser)
688 1380 1015 1397 ........
1062 1352 1389 1396 armorum
1440 1330 1614 1398 fama
1644 1333 2038 1397 accendatur
2089 1356 2216 1416 quo
2265 1352 2520 1415 promp-

260 1422 379 1486 tius
410 1421 754 1487 Podoliam
786 1422 925 1505 ipse
955 1421 1238 1499 invadat,
1276 1421 1449 1505 quod
1483 1429 1557 1487 ut
1588 1429 1768 1488 certo
1805 1422 1990 1487 fieret
2026 1422 2280 1488 Oels¹²⁰¹¹¹
2319 1422 2520 1487 Suam

256 1534 505 1577 omnem
536 1515 806 1577 movisse
837 1512 1118 1595 lapidem
1139 1520 1207 1577 et
1227 1513 1403 1577 intra
1442 1534 1678 1595 paucos
1701 1512 1836 1578 dies
1869 1534 1984 1597 per
2015 1514 2364 1579 solemnem
2377 1512 2520 1577 “Le-

254 1603 579 1685 gationem
600 1602 807 1667 denuo
828 1602 1201 1667 institutam
1222 1627 1237 1683 3
1271 1624 1385 1668 nec
1406 1597 1485 1668 de
1505 1624 1801 1669 successu
1822 1603 2109 1669 dubitari
2134 1628 2148 1683 ;
2181 1625 2326 1668 cum
2357 1602 2519 1669 Tar-

254 1693 373 1759 tari
421 1714 554 1757 non
602 1694 699 1758 ita
748 1692 999 1775 pridem
1048 1713 1165 1775 per
1209 1694 1489 1758 Polonos
1522 1694 1934 1758 vehementer
1971 1694 2336 1759 exacerbati
2371 1696 2521 1777 sint,

252 1806 323 1849 ac
368 1784 802 1867 irruptionem
857 1783 939 1847 ab
996 1782 1411 1849 Ottomanica
1459 1784 1671 1849 Domo
1720 1786 1790 1848 in
1837 1785 2164 1851 mandatis
2211 1785 2514 1850 habeant.

252 1874 520 1939 Decimo
569 1879 805 1956 quarto
854 1880 930 1939 ut
976 1870 1265 1956 Magnus
1313 1874 1467 1939 Dux
1500 1874 1868 1940 Moscoviae
1901 1873 2082 1941 Sei-‘¹⁸
2132 1873 2304 1941 Suae
2341 1874 2518 1939 forti-

252 1964 367 2029 bus
396 1963 597 2030 faetis
630 1972 695 2028 et
726 1964 1019 2047 exemplo
1050 1984 1265 2029 rerum
1299 1964 1726 2048 gerendarum
1762 1965 2084 2044 incitetur,
2123 1987 2199 2030 ae
2231 1986 2344 2048 per
2376 1964 2523 2031 Bri-

253 2056 483 2120 taniae.
504 2054 751 2138 Regem
782 2054 1127 2139 Belgiique
1174 2054 1427 2119 ordines
1462 2057 1627 2120 serio
1660 2054 2102 2134 admoneatur,
2135 2076 2216 2119 ne
2248 2056 2521 2121 occasio-

254 2166 389 2209 nem
440 2146 932 2228 praetermittat
983 2166 1061 2211 ea
1092 2146 1519 2230 recuperandi
1550 2166 1718 2229 quae
1751 2168 1791 2213 a
1821 2146 2088 2211 Polonis
2126 2146 2364 2231 injuste
2397 2146 2519 2211 sibi

250 2241 473 2319 erepta
506 2240 694 2315 sunt3
744 2256 871 2318 quo
920 2257 1073 2301 casu
1123 2236 1472 2301 maximam
1504 2236 1858 2302 Lituaniae
1905 2243 2160 2320 partem
2190 2237 2275 2301 ad
2308 2235 2521 2301 defen·

250 2326 493 2391 sionem
545 2328 643 2389 sui
670 2326 743 2389 in
778 2326 975 2391 armis
1025 2346 1164 2391 esse
1214 2332 1589 2410 opporteat3
1639 2326 1808 2391 unde
1855 2326 2099 2391 viribus
2150 2326 2518 2391 disctractis

248 2416 643 2482 Polonorum
692 2415 968 2480 militem
1016 2438 1143 2481 non
1193 2436 1399 2499 aeque
1444 2417 1879 2482 metuendum.
1928 2416 2028 2483 Ut
2058 2422 2278 2483 autem
2309 2416 2522 2499 Regia

250 2506 435 2571 sert-⁸
492 2508 701 2589 magis
734 2510 914 2571 certa
947 2514 1015 2571 et
1046 2527 1276 2572 secura
1308 2527 1447 2572 esse
1479 2512 1693 2590 queat,
1733 2508 2126 2572 Polonorum
2161 2507 2520 2590 equitatum

250 2599 535 2663 exercitu
570 2617 685 2662 suo
716 2597 781 2661 in
804 2597 1265 2664 Marchionatu
1294 2597 1895 2682 Brandemburgico
1927 2620 2055 2664 non
2087 2596 2340 2664 obviam
2372 2617 2519 2662 ven-

249 2695 483 2772 turum,
535 2688 945 2752 constituisse
995 2687 1253 2752 Gels¹¹⁰¹¹²
1288 2685 1487 2756 Suam
1538 2689 1621 2754 ad
1672 2690 1912 2754 amieos
1970 2689 2184 2772 Regni
2225 2708 2520 2772 proceres

248 2799 463 2844 severe
485 2778 834 2844 admodum
854 2777 1270 2861 perscribere,
1303 2780 1828 2862 gravissimisque
1863 2778 2224 2845 rationibus
2246 2785 2312 2844 et
2331 2799 2520 2861 argu·-

248 2871 481 2934 mentis
521 2869 983 2948 demonstrare,
1016 2873 1264 2954 quanta
1294 2871 1453 2954 ipsis
1492 2870 1812 2934 malorum
1845 2871 2040 2935 series
2073 2871 2430 2946 im‘mineat,
2465 2870 2516 2934 si

248 2961 501 3028 violatis
552 2957 809 3043 legibus
859 2960 1036 3043 pacis
1086 2960 1365 3043 Regiam
1417 2960 1627 3026 Ser²⁶¹¹¹
1661 2967 1842 3026 terra
1891 2961 2184 3043 marique
2250 2980 2517 3044 praepo-

248 3055 489 3116 tentem
522 3056 710 3115 extra
742 3051 997 3134 patriae
1031 3052 1341 3115 terminos
1359 3052 1427 3115 in
1447 3052 1773 3134 propriam
1796 3052 2144 3133 perniciem
2179 3052 2518 3130 lacessant,

248 3161 371 3224 quo
418 3141 598 3206 facto
648 3142 850 3204 etiam
900 3139 1157 3206 Celsum
1209 3139 1411 3206 Suam
1460 3147 1609 3225 post
1656 3140 1886 3205 habita
1934 3141 2208 3204 foederis
2259 3140 2516 3223 antiqui

248 3234 610 3296 reverentia
660 3233 729 3294 in
774 3232 1375 3314 praesentissimum
1438 3232 1619 3314 regni
1682 3231 1952 3296 exitium
2015 3251 2158 3295 eum
2221 3231 2520 3294 universa

248 3328 437 3406 gente
472 3343 593 3386 sua
624 3327 917 3386 extrema
964 3321 1376 3403 moliturum3
1424 3343 1542 3385 nec
1594 3321 1898 3386 dubitare
1950 3322 2107 3404 quin
2157 3320 2520 3404 respublica

246 3413 658 3478 considerato
709 3431 925 3476 rerum
990 3412 1350 3495 periculoso
1412 3417 1592 3476 statu
1655 3419 1719 3476 et
1780 3411 2007 3478 habito
2069 3417 2206 3475 tam
2268 3411 2518 3493 Regiae

249 3501 429 3568 Ser²¹⁵
480 3524 679 3587 quam
732 3500 956 3567 Cels¹¹¹⁸
1007 3501 1179 3568 Suae
1212 3502 1407 3584 digno
1458 3508 1776 3585 respectu,
1819 3523 1885 3565 se
1917 3503 2095 3566 intra
2124 3500 2283 3565 fines
2317 3501 2516 3564 conti-

246 3615 397 3658 nere
431 3593 687 3670 debeat,
737 3613 884 3656 cum
915 3591 1105 3676 longe
1140 3593 1375 3657 minori
1424 3592 1794 3657 discrimine
1842 3591 2186 3657 admodum
2235 3595 2423 3655 caute
2455 3596 2520 3654 et

246 3685 601 3787 prudenter
632 3685 859 3766 egerit,
908 3683 1081 3766 quod
1113 3685 1476 3767 exemplum
1510 3681 1812 3747 Caesaris
1844 3681 2175 3765 Rudolphi
2215 3681 2516 3746 sacratis-

246 3775 447 3840 simae
466 3774 819 3838 memoriae
840 3773 1235 3838 sufficienter
1256 3773 1585 3838 demonstr
1588 3793 1663 3837 a1
1668 3793 1701 3835 e
1735 3774 1976 3856 possit3
2015 3773 2124 3856 qui
2145 3794 2223 3855 pr
2227 3773 2354 3836 imo
2374 3793 2520 3836 cum

246 3863 563 3930 Pontifice
613 3863 1091 3948 Hispaniarum
1142 3865 1389 3946 Regem
1440 3865 1715 3946 aliisque
1771 3862 2186 3946 Principibus
2238 3860 2518 3926 Ordines

246 3956 559 4020 Poloniae
591 3953 677 4019 ad
709 3954 1059 4019 ineundum
1082 3953 1305 4019 foedus
1332 3961 1562 4018 contra
1595 3954 1931 4018 christiani
1953 3953 2230 4017 nominis
2263 3952 2514 4016 hostem

247 4046 417 4110 serio
465 4045 895 4128 requisiverit,
958 4044 1187 4109 deinde
1237 4045 1356 4109 sub
1417 4043 1717 4127 Boczkay
1771 4049 1954 4108 motu
2006 4043 2382 4126 gravissimo
2433 4041 2517 4105 ad

246 4135 570 4200 mittenda
620 4136 869 4200 auxilia
919 4136 1247 4199 instanter
1294 4137 1530 4200 iterum
1580 4134 1929 4199 solicitarit
1972 4140 2040 4198 et
2069 4137 2350 4214 utraque
2383 4133 2518 4196 vice

246 4227 577 4310 repulsam
608 4247 841 4309 passus
874 4227 977 4289 sit.
1012 4223 1197 4307 Quae
1228 4226 1444 4289 omnia
1476 4231 1544 4288 et
1575 4225 1833 4308 singula
1865 4223 2119 4290 Celsm’m
2145 4223 2344 4288 Suam
2375 4244 2518 4305 pro-

246 4318 377 4382 lixe
409 4316 751 4382 admodum
784 4315 1178 4380 recensenda
1217 4316 1539 4398 judicasse
1573 4321 1647 4379 ut
1678 4316 1924 4398 Regiae
1960 4313 2140 4380 δεινὼ
2178 4313 2518 4378 laudatum

249 4413 315 4470 et
349 4427 545 4489 grave
577 4407 984 4491 propositum
1017 4406 1096 4469 de
1130 4407 1533 4490 suscipiendo
1565 4425 1910 4490 oppressae
1943 4405 2272 4468 libertatis
2305 4407 2519 4486 patro-

246 4498 419 4562 cinio
451 4497 689 4562 clarius
724 4495 1079 4582 effulgeret,
1127 4518 1269 4561 eum
1302 4497 1635 4582 proprium
1684 4495 1876 4560 decus
1910 4495 1996 4559 sit
2029 4495 2150 4560 alti
2189 4492 2518 4578 sanguinis
