3459 5300
829 318 855 369 1
871 316 900 369 9
917 316 951 368 2
1144 317 1171 367 1
1186 315 1220 369 6
1232 316 1310 369 26
1321 356 1333 371 .
1355 320 1972 373 unicam-uncum:-
1999 322 2200 371 nova-rx
2233 278 2756 371 stornatum-nanu.

1024 485 1136 553 Ad
1186 508 1351 570 quae
1401 486 1539 554 Ser.
1588 488 1785 573 Resp.
1835 487 1997 553 bene
2029 488 2362 573 explorato
2392 496 2594 573 atque
2625 508 2893 554 excusso
2927 506 3080 553 con-

812 576 956 641 silio
1006 598 1385 660 responsum
1433 600 1551 664 per
1598 578 1854 653 litteras
1903 578 2173 645 reddere
2206 600 2335 644 non
2365 600 2638 663 gravare
2670 577 2841 663 velit,
2873 572 3079 644 tradi·

812 676 995 732 turas
1028 669 1274 734 cursori
1307 666 1615 753 Spalatro
1648 671 2034 755 expectanti.

1787 852 1817 859 ι-
1833 852 2108 861 —m—--n-

814 1012 1191 1097 Stra-sebum
1250 1012 1691 1099 kaffitdnynak
1739 996 2002 1079 Bethlea
2056 1012 2274 1081 Gdbor
2323 1010 2780 1101 meqbiza'sa'bdl
2849 1010 3076 1075 Thurn

824 1170 831 1177 .
1453 1120 1717 1209 yroflzoz
1751 1123 1993 1187 intbzett
2025 1122 2418 1189 emle'kirata.

1242 1264 1408 1331 Ill¹¹¹0
1446 1264 1725 1331 Domine
1747 1265 1762 1331 Ξ

1031 1388 1149 1473 (In
1166 1388 1377 1475 zifra)
1412 1390 1555 1457 Icto
1568 1391 1707 1477 jam
1726 1391 1982 1457 foedere
2004 1390 2271 1459 Seren¹¹¹¹
2303 1391 2534 1458 Trans.
2554 1388 2898 1473 PrincipiS,
2919 1386 3080 1453 nihil

814 1482 995 1563 prius
1014 1488 1081 1547 et
1099 1481 1429 1565 antiquius
1450 1489 1564 1561 est,
1604 1504 1802 1566 quam
1821 1487 1896 1548 ut
1913 1484 2294 1551 maturrime
2312 1504 2383 1547 re
2401 1482 2546 1565 ipsa
2565 1484 2867 1565 praestet,
2902 1478 3082 1563 quod

814 1570 1064 1637 excelso
1095 1572 1423 1637 unitorum
1461 1572 1731 1656 collegio
1763 1573 2014 1639 iteratis
2053 1571 2584 1657 promissionibus
2615 1568 2978 1655 spopondit,
3011 1569 3078 1635 in

818 1682 1010 1745 quem
1042 1660 1233 1727 finem
1272 1669 1447 1727 certo
1490 1664 1726 1729 certius
1760 1663 2194 1731 validissimae
2243 1661 2680 1748 expeditiones
2711 1659 2980 1727 diversis
3011 1660 3080 1723 in

815 1752 971 1817 locis
992 1758 1218 1818 contra
1235 1752 1521 1818 Domum
1533 1752 1958 1820 Austriacam
1979 1753 2292 1836 decretae,
2311 1775 2389 1820 ac
2409 1753 2746 1818 institutae
2767 1756 2936 1829 sunt,
2955 1750 3079 1815 hoc

815 1842 1037 1907 ordine
1070 1850 1137 1907 et
1166 1843 1370 1909 modo,
1404 1844 1625 1909 Primo
1658 1852 1733 1909 ut
1771 1844 2084 1912 Vezerius
2115 1844 2437 1911 Budensis
2471 1840 2902 1908 infallibiliter
2931 1862 3080 1925 pro-

814 1933 986 1998 ximo
1016 1939 1285 1999 venturo
1314 1954 1531 1999 mense
1558 1933 1847 2018 Augusti
1867 1956 2012 2001 cum
2041 1934 2271 2019 viginti
2293 1934 2566 2000 duorum
2597 1931 2874 1998 millium
2899 1931 3079 2015 justo
3191 1982 3199 1989 .

816 2024 1099 2090 exercitu
1148 2028 1375 2090 contra
1422 2024 1814 2091 Javarinum
1847 2031 1912 2091 et
1941 2024 2267 2093 Viennam
2316 2031 2534 2091 castra
2579 2022 2834 2101 habeat,
2865 2028 2938 2087 ut
2968 2020 3079 2086 ad·-

814 2134 1149 2179 versarum
1182 2114 1465 2199 partium
1497 2116 1838 2200 Principes
1886 2116 2170 2200 suscepti
2200 2114 2353 2181 belli
2385 2116 2596 2181 famae
2625 2132 2887 2179 rumore
2919 2110 3082 2177 affli-

815 2211 952 2287 gat,
983 2225 1062 2271 ac
1091 2204 1452 2290 perturbat,
1483 2205 1856 2272 inferiorem
1885 2205 2248 2290 Ungariam
2277 2207 2347 2271 in
2378 2210 2738 2271 extremum
2769 2223 3080 2287 pauorem

817 2302 1016 2381 atque
1046 2294 1453 2361 formidinem
1486 2302 1657 2381 agat,
1706 2304 1774 2363 et
1808 2297 2092 2363 validam
2141 2296 2472 2381 equitatus
2522 2302 2773 2379 partem
2805 2292 3080 2377 singulis

814 2385 1041 2452 (liebus
1071 2386 1155 2451 ad
1179 2388 1355 2471 ipsas
1383 2386 1679 2455 Viennae
1697 2392 1918 2472 portas
1949 2386 2018 2453 in
2049 2394 2461 2473 conspectum
2493 2384 2798 2451 Caesaris
2829 2383 3082 2449 emitta-

816 2483 941 2557 tur,
974 2476 1205 2542 deinde
1236 2482 1313 2543 ut
1343 2498 1460 2561 per
1488 2476 1830 2564 pubblicas
1881 2476 2132 2545 litteras
2151 2529 2390 2544 ......
2451 2476 2828 2561 proceribus
2862 2473 3080 2558 Regni

817 2566 1239 2652 expeditionis
1272 2588 1426 2634 suae
1458 2588 1685 2634 causas
1736 2569 2007 2653 aperiat,
2056 2590 2223 2654 quae
2253 2569 2322 2633 in
2353 2568 2454 2634 his
2495 2566 2900 2653 potissimum
2932 2584 3080 2631 con·

817 2657 1066 2724 sistant.
1098 2659 1449 2726 Universos
1481 2647 1705 2745 inclyti
1735 2660 1950 2746 Regni
1980 2659 2366 2744 Hungariae
2398 2665 2606 2726 status
2627 2665 2692 2724 et
2709 2657 2966 2723 ordines
2995 2653 3082 2722 ad

816 2750 1333 2834 potentissimum
1378 2749 1851 2834 Imperatorem
1903 2748 2386 2818 Ottomanicum
2425 2770 2594 2816 anno
2624 2747 2930 2832 vigesimo
2963 2747 3082 2812 hu-

816 2841 914 2904 ius
946 2839 1185 2906 saeculi
1218 2838 1845 2925 Constantinopolim
1883 2840 2169 2926 Legatos
2200 2841 2428 2908 missos
2461 2863 2547 2920 se,
2579 2840 2692 2923 qui
2723 2837 2972 2924 prolixe
3007 2837 3078 2904 in

816 2929 1142 2996 mandatis
1162 2929 1524 3015 habuerint,
1554 2938 1630 2997 ut
1659 2952 1878 2998 coram
1911 2933 2411 3017 Imperatoriam
2440 2930 2860 3016 Majestatem
2891 2929 3080 2995 vehe—

816 3021 1211 3087 mentissime
1257 3029 1810 3106 conquererentur
1860 3023 2143 3107 qualiter
2175 3020 2630 3088 Ferdinandus
2663 3019 2908 3087 Caesar
2938 3040 3080 3103 pre-

816 3111 1220 3178 decessorum
1266 3134 1532 3178 suorum
1591 3113 1884 3198 exempla
1929 3120 2183 3180 secutus
2244 3111 2510 3179 infinitis
2555 3111 2802 3178 vicibus
2852 3115 3081 3176 contra

816 3201 1037 3267 datam
1069 3201 1260 3268 fidem
1292 3203 1745 3286 antiquissima
1774 3203 2115 3289 privilegia
2145 3204 2342 3268 etiam
2373 3201 2814 3268 immunitates
2861 3199 3077 3284 Regni

818 3291 1089 3372 violarit,
1132 3293 1529 3360 habitatores
1560 3315 1758 3377 grave
1790 3294 2117 3362 servitutis
2161 3295 2320 3379 jugo
2350 3292 2760 3379 oppresserit,
2791 3292 3078 3374 ipsisque

816 3382 1076 3448 tandem
1140 3383 1479 3450 animabus
1531 3389 1597 3449 et
1645 3385 2052 3452 conscientiis
2113 3385 2435 3470 imperare
2483 3405 2680 3449 ausus
2742 3382 2843 3460 sit,
2905 3380 3076 3446 unde

817 3471 1075 3540 afflictis
1113 3473 1378 3558 Regnis,
1425 3481 1633 3540 status
1684 3497 1763 3540 ex
1814 3475 2167 3542 inevitabili
2212 3475 2612 3542 necessitatis
2663 3473 2822 3556 lege,
2871 3470 3076 3537 consi·

818 3565 1043 3630 derato
1075 3563 1342 3630 Patriae
1392 3565 1655 3644 excidio,
1706 3565 2020 3650 injustum
2071 3567 2320 3650 Regem
2351 3587 2392 3631 a
2423 3564 2583 3630 solio
2620 3563 2980 3640 removisse,
3012 3567 3078 3626 et

818 3654 903 3718 ad
935 3652 1119 3721 Sermi
1166 3652 1495 3721 Gabrielis
1546 3656 2038 3722 Transilvaniae
2087 3656 2410 3742 Principis
2441 3653 2898 3741 profectionem
2929 3673 3074 3717 con·

819 3745 1077 3828 fugisse,
1126 3744 1399 3811 eundem
1448 3745 1636 3811 solito
1654 3795 2160 3812 ............
2223 3767 2400 3812 more
2453 3743 2838 3812 durantibus
2883 3742 3077 3809 comi-

816 3835 925 3900 tiis
958 3836 1245 3901 unanimi
1297 3857 1608 3903 consensu
1656 3859 1775 3921 per
1821 3837 2028 3903 libera
2078 3857 2196 3903 sua
2244 3835 2554 3921 suffragia
2583 3835 2654 3901 in
2683 3835 2930 3919 Regem
2961 3833 3074 3899 eli-

818 3925 1043 4008 gend0,
1074 3925 1233 3991 adeo
1266 3926 1466 4011 igitur
1496 3934 1571 3993 ut
1600 3927 2086 4012 potentissimus
2115 3927 2482 4012 Imperator
2513 3926 2840 3992 electionis
2859 3930 3076 4008 patro-

817 4016 1056 4082 cinium
1086 4017 1413 4102 suscipiat,
1460 4039 1808 4102 regemque
1839 4018 1905 4082 in
1936 4017 2084 4102 jure
2116 4038 2193 4084 ac
2222 4017 2538 4102 dignitate
2589 4038 2706 4083 sua
2735 4015 2874 4100 ipse
2905 4013 3076 4080 tueri

819 4112 884 4171 et
916 4127 1291 4173 conservare
1340 4106 1511 4173 velit.
1564 4105 1778 4193 Quam
1828 4107 1909 4173 ob
1955 4129 2091 4174 rem
2141 4129 2286 4174 cum
2336 4109 2622 4174 exercitu
2667 4105 2952 4184 missum,
3001 4111 3077 4170 ut

816 4196 1031 4281 Regni
1082 4203 1291 4264 status
1340 4203 1405 4263 et
1454 4197 1711 4264 ordines
1761 4198 2205 4283 potentissimo
2255 4199 2646 4283 Imperatori
2694 4196 2976 4264 abolitae
3010 4201 3078 4260 et

820 4293 1151 4353 revocatae
1192 4288 1519 4354 electionis
1540 4290 1855 4355 rationem
1875 4287 2168 4372 reddant,
2199 4295 2267 4354 et
2284 4289 2348 4354 in
2369 4289 2437 4354 id
2469 4289 2812 4374 praecipue
2831 4287 3075 4352 incum-

818 4377 993 4456 bant,
1043 4383 1115 4444 nt
1146 4378 1261 4444 illa
1292 4380 1359 4443 in
1390 4380 1611 4464 vigore
1640 4386 1919 4457 maneat,
1969 4386 2034 4445 et
2083 4399 2201 4464 per
2231 4381 2447 4446 omnia
2477 4379 2665 4444 firma
2696 4384 2762 4443 et
2789 4384 2938 4444 rata
2970 4376 3074 4452 sit,

820 4469 929 4550 qui
963 4489 1143 4533 secus
1192 4467 1407 4549 faciat,
1455 4469 1703 4535 hostem
1761 4469 2164 4569 declaratum
2213 4492 2290 4535 ac
2335 4469 2396 4535 vi
2443 4489 2768 4536 armorum
2819 4475 2882 4532 et
2925 4467 3074 4548 jure
