<?xml version="1.0" encoding="UTF-8"?>
<!DOCTYPE html PUBLIC "-//W3C//DTD XHTML 1.0 Transitional//EN"
    "http://www.w3.org/TR/xhtml1/DTD/xhtml1-transitional.dtd">
<html xmlns="http://www.w3.org/1999/xhtml" xml:lang="en" lang="en">
 <head>
  <title>
</title>
<meta http-equiv="Content-Type" content="text/html;charset=utf-8" />
  <meta name='ocr-system' content='tesseract 3.04.00' />
  <meta name='ocr-capabilities' content='ocr_page ocr_carea ocr_par ocr_line ocrx_word'/>
</head>
<body>
  <div class='ocr_page' id='page_1' title='image "./diplomatariumre00vgoog_0775.png"; bbox 0 0 3459 5300; ppageno 0'>
   <div class='ocr_carea' id='block_1_1' title="bbox 17 3 585 8">
    <p class='ocr_par' dir='ltr' id='par_1_1' title="bbox 17 3 585 8">
     <span class='ocr_line' id='line_1_1' title="bbox 17 3 585 8; baseline 0 0"><span class='ocrx_word' id='word_1_1' title='bbox 17 3 585 8; x_wconf 95' lang='lat' dir='ltr'> </span> 
     </span>
    </p>
   </div>
   <div class='ocr_carea' id='block_1_2' title="bbox 1243 366 2635 424">
    <p class='ocr_par' dir='ltr' id='par_1_2' title="bbox 1243 366 2635 424">
     <span class='ocr_line' id='line_1_2' title="bbox 1243 366 2635 424; baseline 0.004 -5"><span class='ocrx_word' id='word_1_2' title='bbox 1243 366 1426 420; x_wconf 78' lang='lat'><strong>1629.</strong></span> <span class='ocrx_word' id='word_1_3' title='bbox 1475 372 1646 422; x_wconf 56' lang='lat' dir='ltr'>„An-s</span> <span class='ocrx_word' id='word_1_4' title='bbox 1695 367 1795 424; x_wconf 79' lang='lat'>26.</span> <span class='ocrx_word' id='word_1_5' title='bbox 2514 369 2635 424; x_wconf 74' lang='lat'>761</span> 
     </span>
    </p>
   </div>
   <div class='ocr_carea' id='block_1_3' title="bbox 380 537 2743 3789">
    <p class='ocr_par' dir='ltr' id='par_1_3' title="bbox 380 537 2743 3789">
     <span class='ocr_line' id='line_1_3' title="bbox 380 537 2647 626; baseline 0.004 -25"><span class='ocrx_word' id='word_1_6' title='bbox 380 537 687 622; x_wconf 83' lang='lat' dir='ltr'>precipue</span> <span class='ocrx_word' id='word_1_7' title='bbox 769 537 954 603; x_wconf 87' lang='lat' dir='ltr'>nobis</span> <span class='ocrx_word' id='word_1_8' title='bbox 1035 539 1259 623; x_wconf 86' lang='lat' dir='ltr'>ingens</span> <span class='ocrx_word' id='word_1_9' title='bbox 1342 561 1498 606; x_wconf 87' lang='lat' dir='ltr'>cura</span> <span class='ocrx_word' id='word_1_10' title='bbox 1569 548 1636 606; x_wconf 87' lang='lat' dir='ltr'>et</span> <span class='ocrx_word' id='word_1_11' title='bbox 1703 541 2067 607; x_wconf 89' lang='lat' dir='ltr'>sollicitudo</span> <span class='ocrx_word' id='word_1_12' title='bbox 2147 547 2484 626; x_wconf 86' lang='lat' dir='ltr'>perspecta</span> <span class='ocrx_word' id='word_1_13' title='bbox 2546 543 2647 622; x_wconf 89' lang='lat' dir='ltr'>sit,</span> 
     </span>
     <span class='ocr_line' id='line_1_4' title="bbox 385 628 2648 716; baseline 0.002 -22"><span class='ocrx_word' id='word_1_14' title='bbox 385 649 580 712; x_wconf 86' lang='lat' dir='ltr'>quam</span> <span class='ocrx_word' id='word_1_15' title='bbox 613 628 838 694; x_wconf 87' lang='lat' dir='ltr'>eadem</span> <span class='ocrx_word' id='word_1_16' title='bbox 869 629 990 694; x_wconf 90' lang='lat' dir='ltr'>hoc</span> <span class='ocrx_word' id='word_1_17' title='bbox 1023 629 1398 696; x_wconf 86' lang='lat' dir='ltr'>calamitoso</span> <span class='ocrx_word' id='word_1_18' title='bbox 1450 651 1666 696; x_wconf 90' lang='lat' dir='ltr'>rerum</span> <span class='ocrx_word' id='word_1_19' title='bbox 1704 637 1901 711; x_wconf 89' lang='lat' dir='ltr'>statu,</span> <span class='ocrx_word' id='word_1_20' title='bbox 1933 638 1999 698; x_wconf 90' lang='lat' dir='ltr'>et</span> <span class='ocrx_word' id='word_1_21' title='bbox 2029 632 2431 716; x_wconf 87' lang='lat' dir='ltr'>iniquissimo</span> <span class='ocrx_word' id='word_1_22' title='bbox 2475 654 2648 713; x_wconf 71' lang='lat' dir='ltr'>aem,</span> 
     </span>
     <span class='ocr_line' id='line_1_5' title="bbox 384 720 2645 805; baseline 0.001 -20"><span class='ocrx_word' id='word_1_23' title='bbox 384 721 464 785; x_wconf 90' lang='lat' dir='ltr'>de</span> <span class='ocrx_word' id='word_1_24' title='bbox 494 720 946 805; x_wconf 89' lang='lat' dir='ltr'>persecutione</span> <span class='ocrx_word' id='word_1_25' title='bbox 993 720 1435 786; x_wconf 84' lang='lat' dir='ltr'>Ecclesiarum</span> <span class='ocrx_word' id='word_1_26' title='bbox 1473 720 1622 786; x_wconf 88' lang='lat' dir='ltr'>fidei</span> <span class='ocrx_word' id='word_1_27' title='bbox 1671 743 1827 787; x_wconf 88' lang='lat' dir='ltr'>suae</span> <span class='ocrx_word' id='word_1_28' title='bbox 1880 745 1919 787; x_wconf 88' lang='lat' dir='ltr'>a</span> <span class='ocrx_word' id='word_1_29' title='bbox 1967 720 2110 788; x_wconf 89' lang='lat' dir='ltr'>Deo</span> <span class='ocrx_word' id='word_1_30' title='bbox 2158 724 2645 789; x_wconf 88' lang='lat' dir='ltr'>commissarum</span> 
     </span>
     <span class='ocr_line' id='line_1_6' title="bbox 384 809 2649 898; baseline 0 -19"><span class='ocrx_word' id='word_1_31' title='bbox 384 810 822 879; x_wconf 82' lang='lat' dir='ltr'>indesinenter</span> <span class='ocrx_word' id='word_1_32' title='bbox 881 809 1097 890; x_wconf 88' lang='lat' dir='ltr'>habet,</span> <span class='ocrx_word' id='word_1_33' title='bbox 1159 833 1286 876; x_wconf 90' lang='lat' dir='ltr'>non</span> <span class='ocrx_word' id='word_1_34' title='bbox 1348 811 1799 891; x_wconf 82' lang='lat' dir='ltr'>dubitavimus,</span> <span class='ocrx_word' id='word_1_35' title='bbox 1862 814 2019 896; x_wconf 88' lang='lat' dir='ltr'>quin</span> <span class='ocrx_word' id='word_1_36' title='bbox 2081 813 2373 880; x_wconf 81' lang='lat' dir='ltr'>Revdma</span> <span class='ocrx_word' id='word_1_37' title='bbox 2418 812 2649 898; x_wconf 89' lang='lat' dir='ltr'>Digni-</span> 
     </span>
     <span class='ocr_line' id='line_1_7' title="bbox 384 900 2743 987; baseline 0.002 -21"><span class='ocrx_word' id='word_1_38' title='bbox 384 909 488 967; x_wconf 85' lang='lat' dir='ltr'>tas</span> <span class='ocrx_word' id='word_1_39' title='bbox 537 900 784 968; x_wconf 87' lang='lat' dir='ltr'>Vestra</span> <span class='ocrx_word' id='word_1_40' title='bbox 835 922 953 983; x_wconf 91' lang='lat' dir='ltr'>pro</span> <span class='ocrx_word' id='word_1_41' title='bbox 1010 900 1325 984; x_wconf 87' lang='lat' dir='ltr'>singulari</span> <span class='ocrx_word' id='word_1_42' title='bbox 1376 903 1723 986; x_wconf 87' lang='lat' dir='ltr'>prudentia</span> <span class='ocrx_word' id='word_1_43' title='bbox 1785 925 1919 984; x_wconf 89' lang='lat' dir='ltr'>sua,</span> <span class='ocrx_word' id='word_1_44' title='bbox 1982 902 2354 987; x_wconf 85' lang='lat' dir='ltr'>debitoque·</span> <span class='ocrx_word' id='word_1_45' title='bbox 2385 925 2649 969; x_wconf 89' lang='lat' dir='ltr'>munere</span> <span class='ocrx_word' id='word_1_46' title='bbox 2737 965 2743 971; x_wconf 83' lang='lat'><strong><em>.</em></strong></span> 
     </span>
     <span class='ocr_line' id='line_1_8' title="bbox 380 988 2649 1078; baseline 0.002 -22"><span class='ocrx_word' id='word_1_47' title='bbox 380 990 518 1074; x_wconf 86' lang='lat' dir='ltr'>jam</span> <span class='ocrx_word' id='word_1_48' title='bbox 569 988 818 1074; x_wconf 87' lang='lat' dir='ltr'>pridem</span> <span class='ocrx_word' id='word_1_49' title='bbox 881 993 1149 1056; x_wconf 89' lang='lat' dir='ltr'>consilia</span> <span class='ocrx_word' id='word_1_50' title='bbox 1199 991 1530 1074; x_wconf 88' lang='lat' dir='ltr'>salutaria,</span> <span class='ocrx_word' id='word_1_51' title='bbox 1577 993 1984 1077; x_wconf 79' lang='lat' dir='ltr'>maximeque</span> <span class='ocrx_word' id='word_1_52' title='bbox 2035 995 2397 1062; x_wconf 87' lang='lat' dir='ltr'>necessaria</span> <span class='ocrx_word' id='word_1_53' title='bbox 2446 995 2649 1078; x_wconf 87' lang='lat' dir='ltr'>agita·</span> 
     </span>
     <span class='ocr_line' id='line_1_9' title="bbox 384 1081 2651 1168; baseline 0.003 -22"><span class='ocrx_word' id='word_1_54' title='bbox 384 1082 568 1160; x_wconf 83' lang='lat' dir='ltr'>verit,</span> <span class='ocrx_word' id='word_1_55' title='bbox 602 1081 680 1146; x_wconf 91' lang='lat' dir='ltr'>de</span> <span class='ocrx_word' id='word_1_56' title='bbox 711 1081 900 1146; x_wconf 90' lang='lat' dir='ltr'>modo</span> <span class='ocrx_word' id='word_1_57' title='bbox 949 1082 1416 1148; x_wconf 76' lang='lat' dir='ltr'>restaurandae</span> <span class='ocrx_word' id='word_1_58' title='bbox 1463 1082 1788 1150; x_wconf 76' lang='lat' dir='ltr'>libertatis</span> <span class='ocrx_word' id='word_1_59' title='bbox 1840 1082 2331 1163; x_wconf 87' lang='lat' dir='ltr'>ecclesiasticae,</span> <span class='ocrx_word' id='word_1_60' title='bbox 2394 1091 2461 1151; x_wconf 90' lang='lat' dir='ltr'>et</span> <span class='ocrx_word' id='word_1_61' title='bbox 2520 1107 2651 1168; x_wconf 87' lang='lat' dir='ltr'>qua</span> 
     </span>
     <span class='ocr_line' id='line_1_10' title="bbox 385 1171 2650 1254; baseline 0.001 -16"><span class='ocrx_word' id='word_1_62' title='bbox 385 1171 648 1238; x_wconf 86' lang='lat' dir='ltr'>tandem</span> <span class='ocrx_word' id='word_1_63' title='bbox 711 1173 962 1238; x_wconf 87' lang='lat' dir='ltr'>ratione</span> <span class='ocrx_word' id='word_1_64' title='bbox 1025 1173 1554 1239; x_wconf 85' lang='lat' dir='ltr'>conscientiarum</span> <span class='ocrx_word' id='word_1_65' title='bbox 1611 1175 1939 1254; x_wconf 84' lang='lat' dir='ltr'>servituti,</span> <span class='ocrx_word' id='word_1_66' title='bbox 2002 1181 2068 1240; x_wconf 91' lang='lat' dir='ltr'>et</span> <span class='ocrx_word' id='word_1_67' title='bbox 2128 1175 2650 1240; x_wconf 88' lang='lat' dir='ltr'>manifestissimo</span> 
     </span>
     <span class='ocr_line' id='line_1_11' title="bbox 388 1261 2652 1350; baseline 0 -21"><span class='ocrx_word' id='word_1_68' title='bbox 388 1264 754 1329; x_wconf 86' lang='lat' dir='ltr'>animarum</span> <span class='ocrx_word' id='word_1_69' title='bbox 785 1261 1072 1346; x_wconf 88' lang='lat' dir='ltr'>periculo</span> <span class='ocrx_word' id='word_1_70' title='bbox 1112 1262 1364 1329; x_wconf 86' lang='lat' dir='ltr'>obviam</span> <span class='ocrx_word' id='word_1_71' title='bbox 1397 1266 1478 1328; x_wconf 88' lang='lat' dir='ltr'>iri</span> <span class='ocrx_word' id='word_1_72' title='bbox 1509 1265 1745 1350; x_wconf 87' lang='lat' dir='ltr'>possit:</span> <span class='ocrx_word' id='word_1_73' title='bbox 1802 1262 1987 1348; x_wconf 79' lang='lat' dir='ltr'>Quae</span> <span class='ocrx_word' id='word_1_74' title='bbox 2016 1267 2421 1349; x_wconf 88' lang='lat' dir='ltr'>potissimum</span> <span class='ocrx_word' id='word_1_75' title='bbox 2453 1287 2652 1332; x_wconf 88' lang='lat' dir='ltr'>causa</span> 
     </span>
     <span class='ocr_line' id='line_1_12' title="bbox 387 1354 2651 1440; baseline 0.001 -21"><span class='ocrx_word' id='word_1_76' title='bbox 387 1360 502 1430; x_wconf 86' lang='lat' dir='ltr'>est,</span> <span class='ocrx_word' id='word_1_77' title='bbox 551 1359 626 1418; x_wconf 91' lang='lat' dir='ltr'>ut</span> <span class='ocrx_word' id='word_1_78' title='bbox 673 1375 790 1418; x_wconf 91' lang='lat' dir='ltr'>nos</span> <span class='ocrx_word' id='word_1_79' title='bbox 822 1375 1076 1436; x_wconf 90' lang='lat' dir='ltr'>quoque</span> <span class='ocrx_word' id='word_1_80' title='bbox 1126 1361 1390 1439; x_wconf 89' lang='lat' dir='ltr'>propter</span> <span class='ocrx_word' id='word_1_81' title='bbox 1421 1354 1815 1421; x_wconf 84' lang='lat' dir='ltr'>horrendam</span> <span class='ocrx_word' id='word_1_82' title='bbox 1862 1356 2405 1439; x_wconf 85' lang='lat' dir='ltr'>Evangelicorum</span> <span class='ocrx_word' id='word_1_83' title='bbox 2438 1377 2651 1440; x_wconf 89' lang='lat' dir='ltr'>perse-</span> 
     </span>
     <span class='ocr_line' id='line_1_13' title="bbox 387 1444 2651 1530; baseline 0.001 -21"><span class='ocrx_word' id='word_1_84' title='bbox 387 1445 728 1520; x_wconf 86' lang='lat' dir='ltr'>cutionem,</span> <span class='ocrx_word' id='word_1_85' title='bbox 771 1465 938 1526; x_wconf 87' lang='lat' dir='ltr'>quae</span> <span class='ocrx_word' id='word_1_86' title='bbox 987 1445 1055 1512; x_wconf 85' lang='lat' dir='ltr'>in</span> <span class='ocrx_word' id='word_1_87' title='bbox 1086 1445 1382 1512; x_wconf 90' lang='lat' dir='ltr'>Romano</span> <span class='ocrx_word' id='word_1_88' title='bbox 1413 1446 1718 1530; x_wconf 89' lang='lat' dir='ltr'>Imperi0‚</span> <span class='ocrx_word' id='word_1_89' title='bbox 1752 1451 1817 1510; x_wconf 90' lang='lat' dir='ltr'>et</span> <span class='ocrx_word' id='word_1_90' title='bbox 1846 1444 2314 1512; x_wconf 85' lang='lat' dir='ltr'>florentissimis</span> <span class='ocrx_word' id='word_1_91' title='bbox 2345 1448 2651 1530; x_wconf 79' lang='lat' dir='ltr'>Europae</span> 
     </span>
     <span class='ocr_line' id='line_1_14' title="bbox 385 1533 2651 1622; baseline 0.001 -22"><span class='ocrx_word' id='word_1_92' title='bbox 385 1535 633 1618; x_wconf 87' lang='lat' dir='ltr'>Regnis</span> <span class='ocrx_word' id='word_1_93' title='bbox 683 1555 850 1598; x_wconf 87' lang='lat' dir='ltr'>nunc</span> <span class='ocrx_word' id='word_1_94' title='bbox 890 1533 1030 1600; x_wconf 87' lang='lat' dir='ltr'>dire</span> <span class='ocrx_word' id='word_1_95' title='bbox 1077 1558 1154 1601; x_wconf 92' lang='lat' dir='ltr'>ac</span> <span class='ocrx_word' id='word_1_96' title='bbox 1186 1536 1532 1602; x_wconf 87' lang='lat' dir='ltr'>crudeliter</span> <span class='ocrx_word' id='word_1_97' title='bbox 1583 1542 1933 1614; x_wconf 84' lang='lat' dir='ltr'>exercetur,</span> <span class='ocrx_word' id='word_1_98' title='bbox 1958 1536 2096 1621; x_wconf 84' lang='lat' dir='ltr'>jam</span> <span class='ocrx_word' id='word_1_99' title='bbox 2128 1537 2376 1622; x_wconf 86' lang='lat' dir='ltr'>pridem</span> <span class='ocrx_word' id='word_1_100' title='bbox 2404 1535 2651 1620; x_wconf 87' lang='lat' dir='ltr'>justum</span> 
     </span>
     <span class='ocr_line' id='line_1_15' title="bbox 387 1625 2652 1710; baseline 0.001 -21"><span class='ocrx_word' id='word_1_101' title='bbox 387 1625 673 1690; x_wconf 90' lang='lat' dir='ltr'>dolorem</span> <span class='ocrx_word' id='word_1_102' title='bbox 723 1626 1237 1709; x_wconf 87' lang='lat' dir='ltr'>conceperimus,</span> <span class='ocrx_word' id='word_1_103' title='bbox 1299 1648 1490 1710; x_wconf 88' lang='lat' dir='ltr'>quem</span> <span class='ocrx_word' id='word_1_104' title='bbox 1552 1627 1829 1693; x_wconf 88' lang='lat' dir='ltr'>ulterius</span> <span class='ocrx_word' id='word_1_105' title='bbox 1878 1627 2283 1693; x_wconf 88' lang='lat' dir='ltr'>dissimulare</span> <span class='ocrx_word' id='word_1_106' title='bbox 2333 1649 2410 1693; x_wconf 85' lang='lat' dir='ltr'>ac</span> <span class='ocrx_word' id='word_1_107' title='bbox 2463 1627 2652 1693; x_wconf 81' lang='lat' dir='ltr'>eorde</span> 
     </span>
     <span class='ocr_line' id='line_1_16' title="bbox 387 1714 2653 1801; baseline 0.001 -21"><span class='ocrx_word' id='word_1_108' title='bbox 387 1737 680 1800; x_wconf 87' lang='lat' dir='ltr'>premere</span> <span class='ocrx_word' id='word_1_109' title='bbox 716 1715 1052 1798; x_wconf 88' lang='lat' dir='ltr'>indignum</span> <span class='ocrx_word' id='word_1_110' title='bbox 1103 1717 1404 1784; x_wconf 87' lang='lat' dir='ltr'>arbitrati</span> <span class='ocrx_word' id='word_1_111' title='bbox 1456 1739 1708 1782; x_wconf 88' lang='lat' dir='ltr'>sumus:</span> <span class='ocrx_word' id='word_1_112' title='bbox 1778 1714 2103 1801; x_wconf 76' lang='lat' dir='ltr'>Quoniam</span> <span class='ocrx_word' id='word_1_113' title='bbox 2152 1723 2370 1783; x_wconf 86' lang='lat' dir='ltr'>autem</span> <span class='ocrx_word' id='word_1_114' title='bbox 2407 1722 2653 1784; x_wconf 88' lang='lat' dir='ltr'>nostro-</span> 
     </span>
     <span class='ocr_line' id='line_1_17' title="bbox 387 1807 2654 1892; baseline 0.001 -20"><span class='ocrx_word' id='word_1_115' title='bbox 387 1829 533 1872; x_wconf 90' lang='lat' dir='ltr'>rum</span> <span class='ocrx_word' id='word_1_116' title='bbox 564 1811 932 1888; x_wconf 87' lang='lat' dir='ltr'>temporum</span> <span class='ocrx_word' id='word_1_117' title='bbox 963 1827 1040 1871; x_wconf 88' lang='lat' dir='ltr'>ea</span> <span class='ocrx_word' id='word_1_118' title='bbox 1073 1812 1172 1872; x_wconf 89' lang='lat' dir='ltr'>est</span> <span class='ocrx_word' id='word_1_119' title='bbox 1191 1807 1488 1886; x_wconf 87' lang='lat' dir='ltr'>conditi0‚</span> <span class='ocrx_word' id='word_1_120' title='bbox 1521 1813 1594 1872; x_wconf 92' lang='lat' dir='ltr'>ut</span> <span class='ocrx_word' id='word_1_121' title='bbox 1624 1809 1794 1873; x_wconf 86' lang='lat' dir='ltr'>inter</span> <span class='ocrx_word' id='word_1_122' title='bbox 1815 1813 2037 1892; x_wconf 85' lang='lat' dir='ltr'>gentes</span> <span class='ocrx_word' id='word_1_123' title='bbox 2063 1808 2466 1876; x_wconf 81' lang='lat' dir='ltr'>Christianos</span> <span class='ocrx_word' id='word_1_124' title='bbox 2498 1831 2654 1892; x_wconf 90' lang='lat' dir='ltr'>pau-</span> 
     </span>
     <span class='ocr_line' id='line_1_18' title="bbox 392 1895 2653 1982; baseline 0.001 -20"><span class='ocrx_word' id='word_1_125' title='bbox 392 1896 632 1962; x_wconf 88' lang='lat' dir='ltr'>cissimi</span> <span class='ocrx_word' id='word_1_126' title='bbox 672 1895 1028 1963; x_wconf 87' lang='lat' dir='ltr'>Antistites</span> <span class='ocrx_word' id='word_1_127' title='bbox 1079 1899 1502 1981; x_wconf 78' lang='lat' dir='ltr'>reperiantur,</span> <span class='ocrx_word' id='word_1_128' title='bbox 1537 1899 1648 1980; x_wconf 91' lang='lat' dir='ltr'>qui</span> <span class='ocrx_word' id='word_1_129' title='bbox 1679 1919 1756 1962; x_wconf 86' lang='lat' dir='ltr'>ea</span> <span class='ocrx_word' id='word_1_130' title='bbox 1788 1896 2075 1982; x_wconf 88' lang='lat' dir='ltr'>polleant</span> <span class='ocrx_word' id='word_1_131' title='bbox 2126 1899 2517 1965; x_wconf 87' lang='lat' dir='ltr'>auctoritate</span> <span class='ocrx_word' id='word_1_132' title='bbox 2579 1905 2653 1964; x_wconf 91' lang='lat' dir='ltr'>ut</span> 
     </span>
     <span class='ocr_line' id='line_1_19' title="bbox 388 1986 2654 2072; baseline 0.001 -20"><span class='ocrx_word' id='word_1_133' title='bbox 388 1986 650 2052; x_wconf 83' lang='lat' dir='ltr'>afflictis</span> <span class='ocrx_word' id='word_1_134' title='bbox 685 1992 750 2052; x_wconf 88' lang='lat' dir='ltr'>et</span> <span class='ocrx_word' id='word_1_135' title='bbox 782 1987 1182 2071; x_wconf 84' lang='lat' dir='ltr'>gementibus</span> <span class='ocrx_word' id='word_1_136' title='bbox 1212 1987 1342 2054; x_wconf 91' lang='lat' dir='ltr'>Dei</span> <span class='ocrx_word' id='word_1_137' title='bbox 1373 1988 1683 2053; x_wconf 87' lang='lat' dir='ltr'>Ecclesiis</span> <span class='ocrx_word' id='word_1_138' title='bbox 1735 2009 1920 2072; x_wconf 89' lang='lat' dir='ltr'>opem</span> <span class='ocrx_word' id='word_1_139' title='bbox 1968 1988 2155 2066; x_wconf 85' lang='lat' dir='ltr'>ferre,</span> <span class='ocrx_word' id='word_1_140' title='bbox 2184 1990 2654 2072; x_wconf 66' lang='lat' dir='ltr'>metantesque,</span> 
     </span>
     <span class='ocr_line' id='line_1_20' title="bbox 388 2077 2654 2162; baseline 0 -19"><span class='ocrx_word' id='word_1_141' title='bbox 388 2099 466 2143; x_wconf 87' lang='lat' dir='ltr'>ac</span> <span class='ocrx_word' id='word_1_142' title='bbox 497 2082 861 2162; x_wconf 87' lang='lat' dir='ltr'>prostratas</span> <span class='ocrx_word' id='word_1_143' title='bbox 894 2077 1140 2161; x_wconf 87' lang='lat' dir='ltr'>erigere</span> <span class='ocrx_word' id='word_1_144' title='bbox 1173 2079 1440 2162; x_wconf 87' lang='lat' dir='ltr'>possint,</span> <span class='ocrx_word' id='word_1_145' title='bbox 1472 2078 1803 2145; x_wconf 82' lang='lat' dir='ltr'>Revdmae</span> <span class='ocrx_word' id='word_1_146' title='bbox 1842 2078 2149 2161; x_wconf 82' lang='lat' dir='ltr'>dignitati</span> <span class='ocrx_word' id='word_1_147' title='bbox 2178 2079 2457 2146; x_wconf 83' lang='lat' dir='ltr'>Vestrae</span> <span class='ocrx_word' id='word_1_148' title='bbox 2492 2079 2654 2144; x_wconf 88' lang='lat' dir='ltr'>desi-</span> 
     </span>
     <span class='ocr_line' id='line_1_21' title="bbox 389 2167 2655 2251; baseline 0 -18"><span class='ocrx_word' id='word_1_149' title='bbox 389 2167 554 2251; x_wconf 86' lang='lat' dir='ltr'>derij</span> <span class='ocrx_word' id='word_1_150' title='bbox 609 2171 813 2233; x_wconf 87' lang='lat' dir='ltr'>nostri</span> <span class='ocrx_word' id='word_1_151' title='bbox 884 2168 1198 2247; x_wconf 85' lang='lat' dir='ltr'>ardorem,</span> <span class='ocrx_word' id='word_1_152' title='bbox 1269 2189 1711 2251; x_wconf 83' lang='lat' dir='ltr'>summamque</span> <span class='ocrx_word' id='word_1_153' title='bbox 1774 2170 2395 2235; x_wconf 81' lang='lat' dir='ltr'>commiserationem</span> <span class='ocrx_word' id='word_1_154' title='bbox 2444 2169 2655 2234; x_wconf 89' lang='lat' dir='ltr'>decla-</span> 
     </span>
     <span class='ocr_line' id='line_1_22' title="bbox 393 2257 2653 2341; baseline 0 -17"><span class='ocrx_word' id='word_1_155' title='bbox 393 2257 666 2326; x_wconf 87' lang='lat' dir='ltr'>randam</span> <span class='ocrx_word' id='word_1_156' title='bbox 700 2278 838 2323; x_wconf 88' lang='lat' dir='ltr'>esse</span> <span class='ocrx_word' id='word_1_157' title='bbox 870 2258 1186 2336; x_wconf 76' lang='lat' dir='ltr'>duximuS,</span> <span class='ocrx_word' id='word_1_158' title='bbox 1221 2280 1388 2341; x_wconf 88' lang='lat' dir='ltr'>quae</span> <span class='ocrx_word' id='word_1_159' title='bbox 1440 2281 1583 2324; x_wconf 87' lang='lat' dir='ltr'>cum</span> <span class='ocrx_word' id='word_1_160' title='bbox 1620 2265 1758 2324; x_wconf 87' lang='lat' dir='ltr'>tam</span> <span class='ocrx_word' id='word_1_161' title='bbox 1806 2259 2041 2324; x_wconf 87' lang='lat' dir='ltr'>acerba</span> <span class='ocrx_word' id='word_1_162' title='bbox 2073 2260 2157 2324; x_wconf 91' lang='lat' dir='ltr'>sit</span> <span class='ocrx_word' id='word_1_163' title='bbox 2189 2281 2265 2325; x_wconf 91' lang='lat' dir='ltr'>ac</span> <span class='ocrx_word' id='word_1_164' title='bbox 2294 2260 2653 2338; x_wconf 78' lang='lat' dir='ltr'>vehemenS,</span> 
     </span>
     <span class='ocr_line' id='line_1_23' title="bbox 390 2347 2655 2433; baseline 0.001 -20"><span class='ocrx_word' id='word_1_165' title='bbox 390 2354 465 2413; x_wconf 89' lang='lat' dir='ltr'>ut</span> <span class='ocrx_word' id='word_1_166' title='bbox 495 2347 703 2413; x_wconf 91' lang='lat' dir='ltr'>literis</span> <span class='ocrx_word' id='word_1_167' title='bbox 765 2348 1218 2432; x_wconf 89' lang='lat' dir='ltr'>comprehendi</span> <span class='ocrx_word' id='word_1_168' title='bbox 1269 2356 1568 2433; x_wconf 80' lang='lat' dir='ltr'>nequeat,</span> <span class='ocrx_word' id='word_1_169' title='bbox 1618 2370 1852 2432; x_wconf 87' lang='lat' dir='ltr'>operae</span> <span class='ocrx_word' id='word_1_170' title='bbox 1902 2350 2189 2432; x_wconf 87' lang='lat' dir='ltr'>precium</span> <span class='ocrx_word' id='word_1_171' title='bbox 2209 2369 2325 2414; x_wconf 90' lang='lat' dir='ltr'>nos</span> <span class='ocrx_word' id='word_1_172' title='bbox 2372 2348 2655 2415; x_wconf 88' lang='lat' dir='ltr'>facturos</span> 
     </span>
     <span class='ocr_line' id='line_1_24' title="bbox 391 2436 2655 2524; baseline 0 -20"><span class='ocrx_word' id='word_1_173' title='bbox 391 2436 914 2518; x_wconf 72' lang='lat' dir='ltr'>existimavimu8‚</span> <span class='ocrx_word' id='word_1_174' title='bbox 964 2439 1019 2504; x_wconf 90' lang='lat' dir='ltr'>si</span> <span class='ocrx_word' id='word_1_175' title='bbox 1071 2440 1337 2504; x_wconf 86' lang='lat' dir='ltr'>eandem</span> <span class='ocrx_word' id='word_1_176' title='bbox 1401 2461 1517 2524; x_wconf 89' lang='lat' dir='ltr'>per</span> <span class='ocrx_word' id='word_1_177' title='bbox 1577 2440 1971 2505; x_wconf 88' lang='lat' dir='ltr'>exhibitores</span> <span class='ocrx_word' id='word_1_178' title='bbox 2020 2439 2417 2522; x_wconf 88' lang='lat' dir='ltr'>presentium</span> <span class='ocrx_word' id='word_1_179' title='bbox 2447 2439 2655 2505; x_wconf 89' lang='lat' dir='ltr'>Nobis</span> 
     </span>
     <span class='ocr_line' id='line_1_25' title="bbox 390 2528 2655 2612; baseline 0 -18"><span class='ocrx_word' id='word_1_180' title='bbox 390 2531 640 2594; x_wconf 88' lang='lat' dir='ltr'>sincere</span> <span class='ocrx_word' id='word_1_181' title='bbox 702 2536 768 2593; x_wconf 92' lang='lat' dir='ltr'>et</span> <span class='ocrx_word' id='word_1_182' title='bbox 829 2536 1014 2612; x_wconf 87' lang='lat' dir='ltr'>grate</span> <span class='ocrx_word' id='word_1_183' title='bbox 1064 2529 1331 2594; x_wconf 89' lang='lat' dir='ltr'>dilectos</span> <span class='ocrx_word' id='word_1_184' title='bbox 1381 2530 1905 2596; x_wconf 87' lang='lat' dir='ltr'>Illustrissimum</span> <span class='ocrx_word' id='word_1_185' title='bbox 1944 2529 2295 2595; x_wconf 89' lang='lat' dir='ltr'>Dominum</span> <span class='ocrx_word' id='word_1_186' title='bbox 2347 2528 2655 2596; x_wconf 89' lang='lat' dir='ltr'>Carolum</span> 
     </span>
     <span class='ocr_line' id='line_1_26' title="bbox 391 2619 2656 2705; baseline 0 -20"><span class='ocrx_word' id='word_1_187' title='bbox 391 2619 878 2686; x_wconf 77' lang='lat' dir='ltr'>Tarrerandum</span> <span class='ocrx_word' id='word_1_188' title='bbox 927 2619 1377 2686; x_wconf 86' lang='lat' dir='ltr'>Marchionem</span> <span class='ocrx_word' id='word_1_189' title='bbox 1416 2620 1723 2701; x_wconf 89' lang='lat' dir='ltr'>Isideum,</span> <span class='ocrx_word' id='word_1_190' title='bbox 1776 2627 1839 2687; x_wconf 90' lang='lat' dir='ltr'>et</span> <span class='ocrx_word' id='word_1_191' title='bbox 1888 2641 2269 2705; x_wconf 88' lang='lat' dir='ltr'>generosum</span> <span class='ocrx_word' id='word_1_192' title='bbox 2301 2620 2656 2686; x_wconf 89' lang='lat' dir='ltr'>Dominum</span> 
     </span>
     <span class='ocr_line' id='line_1_27' title="bbox 390 2710 2656 2796; baseline 0 -21"><span class='ocrx_word' id='word_1_193' title='bbox 390 2712 440 2775; x_wconf 85' lang='lat' dir='ltr'><strong>J</strong></span> <span class='ocrx_word' id='word_1_194' title='bbox 444 2710 716 2776; x_wconf 88' lang='lat' dir='ltr'>acobum</span> <span class='ocrx_word' id='word_1_195' title='bbox 749 2710 1128 2776; x_wconf 86' lang='lat' dir='ltr'>Rousellum</span> <span class='ocrx_word' id='word_1_196' title='bbox 1161 2711 1239 2775; x_wconf 89' lang='lat' dir='ltr'>de</span> <span class='ocrx_word' id='word_1_197' title='bbox 1276 2710 1412 2777; x_wconf 87' lang='lat' dir='ltr'>zelo</span> <span class='ocrx_word' id='word_1_198' title='bbox 1463 2718 1526 2777; x_wconf 93' lang='lat' dir='ltr'>et</span> <span class='ocrx_word' id='word_1_199' title='bbox 1575 2712 1821 2777; x_wconf 72' lang='lat' dir='ltr'>fervore</span> <span class='ocrx_word' id='word_1_200' title='bbox 1854 2717 2075 2777; x_wconf 89' lang='lat' dir='ltr'>nostro</span> <span class='ocrx_word' id='word_1_201' title='bbox 2121 2712 2367 2796; x_wconf 83' lang='lat' dir='ltr'>prolixe</span> <span class='ocrx_word' id='word_1_202' title='bbox 2418 2716 2485 2777; x_wconf 88' lang='lat' dir='ltr'>et</span> <span class='ocrx_word' id='word_1_203' title='bbox 2514 2711 2656 2776; x_wconf 87' lang='lat' dir='ltr'>dili-</span> 
     </span>
     <span class='ocr_line' id='line_1_28' title="bbox 393 2801 2657 2886; baseline 0.001 -20"><span class='ocrx_word' id='word_1_204' title='bbox 393 2807 620 2885; x_wconf 87' lang='lat' dir='ltr'>genter</span> <span class='ocrx_word' id='word_1_205' title='bbox 679 2801 1176 2866; x_wconf 85' lang='lat' dir='ltr'>informaremus</span> <span class='ocrx_word' id='word_1_206' title='bbox 1200 2852 1213 2879; x_wconf 94' lang='lat'>,</span> <span class='ocrx_word' id='word_1_207' title='bbox 1264 2807 1488 2885; x_wconf 84' lang='lat' dir='ltr'>utpote</span> <span class='ocrx_word' id='word_1_208' title='bbox 1540 2824 1698 2885; x_wconf 86' lang='lat' dir='ltr'>quos</span> <span class='ocrx_word' id='word_1_209' title='bbox 1749 2808 2013 2886; x_wconf 87' lang='lat' dir='ltr'>propter</span> <span class='ocrx_word' id='word_1_210' title='bbox 2046 2802 2445 2869; x_wconf 89' lang='lat' dir='ltr'>nascentium</span> <span class='ocrx_word' id='word_1_211' title='bbox 2477 2822 2657 2869; x_wconf 86' lang='lat' dir='ltr'>occa-</span> 
     </span>
     <span class='ocr_line' id='line_1_29' title="bbox 391 2890 2657 2975; baseline -0.001 -17"><span class='ocrx_word' id='word_1_212' title='bbox 391 2893 644 2958; x_wconf 87' lang='lat' dir='ltr'>sionum</span> <span class='ocrx_word' id='word_1_213' title='bbox 676 2913 994 2958; x_wconf 89' lang='lat' dir='ltr'>summam</span> <span class='ocrx_word' id='word_1_214' title='bbox 1047 2892 1613 2975; x_wconf 83' lang='lat' dir='ltr'>opportunitatem,</span> <span class='ocrx_word' id='word_1_215' title='bbox 1677 2897 1743 2957; x_wconf 94' lang='lat' dir='ltr'>et</span> <span class='ocrx_word' id='word_1_216' title='bbox 1804 2890 2070 2958; x_wconf 90' lang='lat' dir='ltr'>fatalem</span> <span class='ocrx_word' id='word_1_217' title='bbox 2121 2893 2481 2959; x_wconf 83' lang='lat' dir='ltr'>animorum</span> <span class='ocrx_word' id='word_1_218' title='bbox 2512 2913 2657 2957; x_wconf 89' lang='lat' dir='ltr'>con-</span> 
     </span>
     <span class='ocr_line' id='line_1_30' title="bbox 391 2981 2657 3067; baseline -0.001 -18"><span class='ocrx_word' id='word_1_219' title='bbox 391 2983 809 3067; x_wconf 86' lang='lat' dir='ltr'>spirationem</span> <span class='ocrx_word' id='word_1_220' title='bbox 849 2982 918 3046; x_wconf 87' lang='lat' dir='ltr'>in</span> <span class='ocrx_word' id='word_1_221' title='bbox 967 3002 1038 3046; x_wconf 91' lang='lat' dir='ltr'>re</span> <span class='ocrx_word' id='word_1_222' title='bbox 1071 2982 1252 3065; x_wconf 82' lang='lat' dir='ltr'>gravi</span> <span class='ocrx_word' id='word_1_223' title='bbox 1293 2987 1357 3046; x_wconf 86' lang='lat' dir='ltr'>et</span> <span class='ocrx_word' id='word_1_224' title='bbox 1388 2981 1594 3047; x_wconf 88' lang='lat' dir='ltr'>ardua</span> <span class='ocrx_word' id='word_1_225' title='bbox 1625 2981 2255 3066; x_wconf 84' lang='lat' dir='ltr'>Constantinopolim</span> <span class='ocrx_word' id='word_1_226' title='bbox 2287 2984 2590 3066; x_wconf 86' lang='lat' dir='ltr'>ablegare</span> <span class='ocrx_word' id='word_1_227' title='bbox 2624 3004 2657 3047; x_wconf 94' lang='lat' dir='ltr'>e</span> 
     </span>
     <span class='ocr_line' id='line_1_31' title="bbox 388 3070 2655 3156; baseline -0 -18"><span class='ocrx_word' id='word_1_228' title='bbox 388 3096 461 3139; x_wconf 90' lang='lat' dir='ltr'>re</span> <span class='ocrx_word' id='word_1_229' title='bbox 491 3072 678 3138; x_wconf 89' lang='lat' dir='ltr'>nobis</span> <span class='ocrx_word' id='word_1_230' title='bbox 709 3072 915 3137; x_wconf 85' lang='lat' dir='ltr'>visum</span> <span class='ocrx_word' id='word_1_231' title='bbox 949 3078 1070 3138; x_wconf 89' lang='lat' dir='ltr'>est:</span> <span class='ocrx_word' id='word_1_232' title='bbox 1095 3070 1532 3156; x_wconf 79' lang='lat' dir='ltr'>Quamobrem</span> <span class='ocrx_word' id='word_1_233' title='bbox 1555 3072 1915 3138; x_wconf 86' lang='lat' dir='ltr'>Revdmam</span> <span class='ocrx_word' id='word_1_234' title='bbox 1935 3072 2323 3155; x_wconf 89' lang='lat' dir='ltr'>dignitatem</span> <span class='ocrx_word' id='word_1_235' title='bbox 2344 3074 2655 3141; x_wconf 84' lang='lat' dir='ltr'>Vestram</span> 
     </span>
     <span class='ocr_line' id='line_1_32' title="bbox 392 3162 2657 3247; baseline -0.001 -18"><span class='ocrx_word' id='word_1_236' title='bbox 392 3163 669 3247; x_wconf 89' lang='lat' dir='ltr'>benigne</span> <span class='ocrx_word' id='word_1_237' title='bbox 701 3163 1110 3245; x_wconf 85' lang='lat' dir='ltr'>requirimus,</span> <span class='ocrx_word' id='word_1_238' title='bbox 1142 3168 1216 3227; x_wconf 93' lang='lat' dir='ltr'>ut</span> <span class='ocrx_word' id='word_1_239' title='bbox 1249 3184 1356 3227; x_wconf 90' lang='lat' dir='ltr'>eos</span> <span class='ocrx_word' id='word_1_240' title='bbox 1389 3162 1629 3240; x_wconf 91' lang='lat' dir='ltr'>audire,</span> <span class='ocrx_word' id='word_1_241' title='bbox 1662 3169 1727 3228; x_wconf 91' lang='lat' dir='ltr'>et</span> <span class='ocrx_word' id='word_1_242' title='bbox 1776 3164 1844 3227; x_wconf 90' lang='lat' dir='ltr'>in</span> <span class='ocrx_word' id='word_1_243' title='bbox 1875 3163 2169 3228; x_wconf 92' lang='lat' dir='ltr'>omnibus</span> <span class='ocrx_word' id='word_1_244' title='bbox 2201 3184 2369 3247; x_wconf 88' lang='lat' dir='ltr'>quae</span> <span class='ocrx_word' id='word_1_245' title='bbox 2400 3164 2657 3228; x_wconf 89' lang='lat' dir='ltr'>nomine</span> 
     </span>
     <span class='ocr_line' id='line_1_33' title="bbox 391 3251 2658 3338; baseline 0 -19"><span class='ocrx_word' id='word_1_246' title='bbox 391 3259 614 3319; x_wconf 84' lang='lat' dir='ltr'>nostro</span> <span class='ocrx_word' id='word_1_247' title='bbox 677 3254 945 3335; x_wconf 89' lang='lat' dir='ltr'>egerint,</span> <span class='ocrx_word' id='word_1_248' title='bbox 976 3252 1308 3317; x_wconf 88' lang='lat' dir='ltr'>indubiam</span> <span class='ocrx_word' id='word_1_249' title='bbox 1339 3252 1496 3337; x_wconf 86' lang='lat' dir='ltr'>ipsis</span> <span class='ocrx_word' id='word_1_250' title='bbox 1528 3251 1720 3317; x_wconf 89' lang='lat' dir='ltr'>fidem</span> <span class='ocrx_word' id='word_1_251' title='bbox 1753 3252 1993 3317; x_wconf 88' lang='lat' dir='ltr'>habere</span> <span class='ocrx_word' id='word_1_252' title='bbox 2022 3254 2217 3317; x_wconf 80' lang='lat' dir='ltr'>velit:</span> <span class='ocrx_word' id='word_1_253' title='bbox 2279 3253 2460 3319; x_wconf 88' lang='lat' dir='ltr'>Deus</span> <span class='ocrx_word' id='word_1_254' title='bbox 2494 3256 2658 3338; x_wconf 88' lang='lat' dir='ltr'>opti-</span> 
     </span>
     <span class='ocr_line' id='line_1_34' title="bbox 390 3342 2658 3427; baseline -0.001 -18"><span class='ocrx_word' id='word_1_255' title='bbox 390 3366 538 3409; x_wconf 91' lang='lat' dir='ltr'>mus</span> <span class='ocrx_word' id='word_1_256' title='bbox 567 3344 887 3408; x_wconf 87' lang='lat' dir='ltr'>maximus</span> <span class='ocrx_word' id='word_1_257' title='bbox 925 3342 1194 3409; x_wconf 89' lang='lat' dir='ltr'>eandem</span> <span class='ocrx_word' id='word_1_258' title='bbox 1245 3344 1478 3425; x_wconf 89' lang='lat' dir='ltr'>spiritu</span> <span class='ocrx_word' id='word_1_259' title='bbox 1511 3364 1624 3408; x_wconf 89' lang='lat' dir='ltr'>suo</span> <span class='ocrx_word' id='word_1_260' title='bbox 1657 3343 1998 3420; x_wconf 89' lang='lat' dir='ltr'>illuminet,</span> <span class='ocrx_word' id='word_1_261' title='bbox 2056 3348 2123 3407; x_wconf 90' lang='lat' dir='ltr'>et</span> <span class='ocrx_word' id='word_1_262' title='bbox 2170 3344 2459 3421; x_wconf 88' lang='lat' dir='ltr'>consilia,</span> <span class='ocrx_word' id='word_1_263' title='bbox 2490 3365 2658 3427; x_wconf 88' lang='lat' dir='ltr'>quae</span> 
     </span>
     <span class='ocr_line' id='line_1_35' title="bbox 395 3432 2659 3519; baseline -0.002 -18"><span class='ocrx_word' id='word_1_264' title='bbox 395 3436 478 3501; x_wconf 85' lang='lat' dir='ltr'>ad</span> <span class='ocrx_word' id='word_1_265' title='bbox 541 3434 1049 3519; x_wconf 81' lang='lat' dir='ltr'>promovendum</span> <span class='ocrx_word' id='word_1_266' title='bbox 1099 3432 1511 3499; x_wconf 81' lang='lat' dir='ltr'>Christianae</span> <span class='ocrx_word' id='word_1_267' title='bbox 1571 3433 1861 3499; x_wconf 86' lang='lat' dir='ltr'>veritatis</span> <span class='ocrx_word' id='word_1_268' title='bbox 1913 3454 1988 3498; x_wconf 88' lang='lat' dir='ltr'>ac</span> <span class='ocrx_word' id='word_1_269' title='bbox 2020 3432 2359 3518; x_wconf 86' lang='lat' dir='ltr'>Evangelij</span> <span class='ocrx_word' id='word_1_270' title='bbox 2413 3434 2659 3499; x_wconf 80' lang='lat' dir='ltr'>cultum</span> 
     </span>
     <span class='ocr_line' id='line_1_36' title="bbox 393 3522 2660 3608; baseline -0.001 -17"><span class='ocrx_word' id='word_1_271' title='bbox 393 3526 608 3591; x_wconf 87' lang='lat' dir='ltr'>facere</span> <span class='ocrx_word' id='word_1_272' title='bbox 637 3530 924 3607; x_wconf 88' lang='lat' dir='ltr'>possunt,</span> <span class='ocrx_word' id='word_1_273' title='bbox 957 3524 1055 3588; x_wconf 89' lang='lat' dir='ltr'>illi</span> <span class='ocrx_word' id='word_1_274' title='bbox 1080 3544 1158 3589; x_wconf 89' lang='lat' dir='ltr'>ex</span> <span class='ocrx_word' id='word_1_275' title='bbox 1190 3523 1323 3588; x_wconf 86' lang='lat' dir='ltr'>alto</span> <span class='ocrx_word' id='word_1_276' title='bbox 1359 3524 1649 3608; x_wconf 87' lang='lat' dir='ltr'>inspiret,</span> <span class='ocrx_word' id='word_1_277' title='bbox 1684 3544 1877 3607; x_wconf 90' lang='lat' dir='ltr'>quam</span> <span class='ocrx_word' id='word_1_278' title='bbox 1911 3522 1993 3589; x_wconf 88' lang='lat' dir='ltr'>ad</span> <span class='ocrx_word' id='word_1_279' title='bbox 2026 3524 2301 3589; x_wconf 90' lang='lat' dir='ltr'>nominis</span> <span class='ocrx_word' id='word_1_280' title='bbox 2334 3524 2433 3589; x_wconf 92' lang='lat' dir='ltr'>sui</span> <span class='ocrx_word' id='word_1_281' title='bbox 2465 3522 2660 3589; x_wconf 81' lang='lat' dir='ltr'>decus</span> 
     </span>
     <span class='ocr_line' id='line_1_37' title="bbox 394 3611 2659 3699; baseline -0.001 -19"><span class='ocrx_word' id='word_1_282' title='bbox 394 3622 461 3681; x_wconf 89' lang='lat' dir='ltr'>et</span> <span class='ocrx_word' id='word_1_283' title='bbox 492 3616 766 3699; x_wconf 87' lang='lat' dir='ltr'>gloriam</span> <span class='ocrx_word' id='word_1_284' title='bbox 799 3614 908 3679; x_wconf 90' lang='lat' dir='ltr'>diu</span> <span class='ocrx_word' id='word_1_285' title='bbox 939 3615 1156 3679; x_wconf 87' lang='lat' dir='ltr'>valere</span> <span class='ocrx_word' id='word_1_286' title='bbox 1205 3635 1283 3678; x_wconf 87' lang='lat' dir='ltr'>ex</span> <span class='ocrx_word' id='word_1_287' title='bbox 1327 3615 1540 3683; x_wconf 89' lang='lat' dir='ltr'>animo</span> <span class='ocrx_word' id='word_1_288' title='bbox 1571 3619 1905 3698; x_wconf 87' lang='lat' dir='ltr'>optamus:</span> <span class='ocrx_word' id='word_1_289' title='bbox 1968 3612 2317 3679; x_wconf 87' lang='lat' dir='ltr'>Dabantur</span> <span class='ocrx_word' id='word_1_290' title='bbox 2366 3615 2433 3679; x_wconf 90' lang='lat' dir='ltr'>in</span> <span class='ocrx_word' id='word_1_291' title='bbox 2483 3611 2659 3679; x_wconf 88' lang='lat' dir='ltr'>Arce</span> 
     </span>
     <span class='ocr_line' id='line_1_38' title="bbox 393 3702 2514 3789; baseline -0.001 -18"><span class='ocrx_word' id='word_1_292' title='bbox 393 3713 620 3772; x_wconf 90' lang='lat' dir='ltr'>nostra</span> <span class='ocrx_word' id='word_1_293' title='bbox 649 3706 946 3789; x_wconf 82' lang='lat' dir='ltr'>Fogaras</span> <span class='ocrx_word' id='word_1_294' title='bbox 981 3702 1087 3769; x_wconf 90' lang='lat' dir='ltr'>die</span> <span class='ocrx_word' id='word_1_295' title='bbox 1119 3709 1229 3770; x_wconf 80' lang='lat' dir='ltr'>2-a,</span> <span class='ocrx_word' id='word_1_296' title='bbox 1258 3706 1495 3770; x_wconf 90' lang='lat' dir='ltr'>mensis</span> <span class='ocrx_word' id='word_1_297' title='bbox 1527 3704 1757 3789; x_wconf 71' lang='lat' dir='ltr'>Mart-,ij</span> <span class='ocrx_word' id='word_1_298' title='bbox 1792 3702 1989 3770; x_wconf 87' lang='lat' dir='ltr'>Anno</span> <span class='ocrx_word' id='word_1_299' title='bbox 2020 3702 2285 3789; x_wconf 84' lang='lat' dir='ltr'>Dominj</span> <span class='ocrx_word' id='word_1_300' title='bbox 2327 3708 2514 3770; x_wconf 83' lang='lat'>1629.</span> 
     </span>
    </p>
   </div>
   <div class='ocr_carea' id='block_1_4' title="bbox 827 3866 2480 4023">
    <p class='ocr_par' dir='ltr' id='par_1_4' title="bbox 827 3866 2480 4023">
     <span class='ocr_line' id='line_1_39' title="bbox 827 3866 1858 3951; baseline -0.004 -17"><span class='ocrx_word' id='word_1_301' title='bbox 827 3867 1154 3934; x_wconf 83' lang='lat' dir='ltr'>Revdmae</span> <span class='ocrx_word' id='word_1_302' title='bbox 1187 3867 1545 3951; x_wconf 85' lang='lat' dir='ltr'>Dignitatis</span> <span class='ocrx_word' id='word_1_303' title='bbox 1575 3866 1858 3936; x_wconf 87' lang='lat' dir='ltr'>Vestrae</span> 
     </span>
     <span class='ocr_line' id='line_1_40' title="bbox 1832 3954 2480 4023; baseline 0 -2"><span class='ocrx_word' id='word_1_304' title='bbox 1832 3954 2105 4023; x_wconf 86' lang='lat' dir='ltr'>Amicus</span> <span class='ocrx_word' id='word_1_305' title='bbox 2136 3957 2480 4023; x_wconf 86' lang='lat' dir='ltr'>benevolus</span> 
     </span>
    </p>
   </div>
   <div class='ocr_carea' id='block_1_5' title="bbox 830 4044 2553 4221">
    <p class='ocr_par' dir='ltr' id='par_1_5' title="bbox 830 4044 2553 4221">
     <span class='ocr_line' id='line_1_41' title="bbox 1745 4044 2553 4133; baseline -0.001 -20"><span class='ocrx_word' id='word_1_306' title='bbox 1745 4044 2016 4113; x_wconf 84' lang='lat' dir='ltr'>Gabriel</span> <span class='ocrx_word' id='word_1_307' title='bbox 2075 4047 2553 4133; x_wconf 88' lang='lat' dir='ltr'>manupropria.</span> 
     </span>
     <span class='ocr_line' id='line_1_42' title="bbox 830 4137 1151 4221; baseline -0.006 -17"><span class='ocrx_word' id='word_1_308' title='bbox 830 4137 897 4204; x_wconf 90' lang='lat' dir='ltr'>A</span> <span class='ocrx_word' id='word_1_309' title='bbox 929 4146 1111 4221; x_wconf 89' lang='lat' dir='ltr'>tergo</span> <span class='ocrx_word' id='word_1_310' title='bbox 1138 4162 1151 4202; x_wconf 93' lang='lat'>:</span> 
     </span>
    </p>
   </div>
   <div class='ocr_carea' id='block_1_6' title="bbox 395 4333 2662 4607">
    <p class='ocr_par' dir='ltr' id='par_1_6' title="bbox 395 4333 2662 4607">
     <span class='ocr_line' id='line_1_43' title="bbox 616 4333 2662 4419; baseline -0.002 -15"><span class='ocrx_word' id='word_1_311' title='bbox 616 4338 1174 4405; x_wconf 84' lang='lat' dir='ltr'>Reverendissimo</span> <span class='ocrx_word' id='word_1_312' title='bbox 1237 4337 1302 4401; x_wconf 91' lang='lat' dir='ltr'>in</span> <span class='ocrx_word' id='word_1_313' title='bbox 1369 4333 1627 4401; x_wconf 86' lang='lat' dir='ltr'>Christo</span> <span class='ocrx_word' id='word_1_314' title='bbox 1662 4336 1852 4401; x_wconf 90' lang='lat' dir='ltr'>Patri</span> <span class='ocrx_word' id='word_1_315' title='bbox 1907 4335 2188 4401; x_wconf 90' lang='lat' dir='ltr'>Domino</span> <span class='ocrx_word' id='word_1_316' title='bbox 2222 4334 2465 4419; x_wconf 87' lang='lat' dir='ltr'>Cyrillo</span> <span class='ocrx_word' id='word_1_317' title='bbox 2499 4336 2662 4403; x_wconf 90' lang='lat' dir='ltr'>Viro</span> 
     </span>
     <span class='ocr_line' id='line_1_44' title="bbox 395 4425 2661 4513; baseline 0.001 -19"><span class='ocrx_word' id='word_1_318' title='bbox 395 4426 800 4513; x_wconf 81' lang='lat' dir='ltr'>ApostolicO,</span> <span class='ocrx_word' id='word_1_319' title='bbox 835 4430 954 4494; x_wconf 91' lang='lat' dir='ltr'>Pio</span> <span class='ocrx_word' id='word_1_320' title='bbox 989 4434 1056 4491; x_wconf 90' lang='lat' dir='ltr'>et</span> <span class='ocrx_word' id='word_1_321' title='bbox 1087 4427 1508 4510; x_wconf 81' lang='lat' dir='ltr'>DignissimO,</span> <span class='ocrx_word' id='word_1_322' title='bbox 1550 4426 1951 4491; x_wconf 90' lang='lat' dir='ltr'>ordinatione</span> <span class='ocrx_word' id='word_1_323' title='bbox 1984 4426 2201 4494; x_wconf 84' lang='lat' dir='ltr'>divina</span> <span class='ocrx_word' id='word_1_324' title='bbox 2232 4425 2661 4497; x_wconf 78' lang='lat' dir='ltr'>Patriarchae</span> 
     </span>
     <span class='ocr_line' id='line_1_45' title="bbox 399 4516 1977 4607; baseline -0.004 -20"><span class='ocrx_word' id='word_1_325' title='bbox 399 4518 1098 4607; x_wconf 84' lang='lat' dir='ltr'>Costantinopolitano,</span> <span class='ocrx_word' id='word_1_326' title='bbox 1133 4518 1337 4583; x_wconf 85' lang='lat' dir='ltr'>amico</span> <span class='ocrx_word' id='word_1_327' title='bbox 1368 4522 1587 4581; x_wconf 87' lang='lat' dir='ltr'>nostro</span> <span class='ocrx_word' id='word_1_328' title='bbox 1627 4516 1977 4583; x_wconf 77' lang='lat' dir='ltr'>carissimo·</span> 
     </span>
    </p>
   </div>
   <div class='ocr_carea' id='block_1_7' title="bbox 1371 4698 1691 4707">
    <p class='ocr_par' dir='ltr' id='par_1_7' title="bbox 1371 4698 1691 4707">
     <span class='ocr_line' id='line_1_46' title="bbox 1371 4698 1691 4707; baseline 0 0"><span class='ocrx_word' id='word_1_329' title='bbox 1371 4698 1691 4707; x_wconf 95' lang='lat' dir='ltr'> </span> 
     </span>
    </p>
   </div>
  </div>
 </body>
</html>
