3459 5300
734 388 763 441 l
777 388 855 439 9ss
1048 390 1075 439 1
1092 386 1171 440 62
1180 388 1236 441 6.
1260 392 1872 441 raxAcsuAanozu-ox.
1909 396 2106 439 nova-rx
2141 392 2661 438 nno-rnnnzszrassx.

728 559 982 622 manica
1012 557 1225 623 Domo
1257 557 1479 622 foedus
1511 558 1836 622 amicitiae
1870 563 1936 621 et
1967 556 2172 622 bonae
2203 556 2555 621 vicinitatis
2589 558 2830 629 ineant,
2861 574 2989 635 quo

736 670 889 713 casu
923 654 1265 732 opportere
1316 649 1663 712 solemnem
1696 647 2118 730 Legationem
2153 645 2783 729 Constantinopolim
2813 644 2997 709 insti-

738 740 850 814 tui,
883 760 959 802 ac
991 738 1275 803 omnium
1309 736 1621 803 Oratores
1642 738 1955 806 Venetias
1989 738 2340 815 convenire,
2373 734 2541 801 unde
2573 758 2718 801 cum
2737 734 2998 817 amplis·

738 829 897 893 simo
932 830 1244 893 comitatu
1276 828 1359 893 ad
1392 836 1645 912 portam
1681 833 1822 892 tuto
1853 828 2170 913 proficisci
2203 829 2423 912 possit.
2472 826 2576 891 De
2623 824 2996 905 Mansfeldy

736 918 944 983 tribus
977 917 1371 1001 Legionibus
1418 919 1659 1002 partim
1707 920 1926 997 coesis,
1975 918 2215 1001 partim
2247 918 2405 983 fusis
2437 917 2524 982 ad
2553 916 2764 981 Ser‘·em
2796 915 2996 981 Suam

734 1006 977 1073 Caesar
1037 1008 1374 1093 magnifice
1436 1008 1832 1092 perscripsit,
1895 1016 1960 1073 et
2005 1008 2432 1073 Mansfeldius
2483 1028 2599 1090 per
2649 1008 2996 1071 Intermin-

731 1100 895 1163 tium
958 1104 1109 1162 ante
1175 1119 1411 1182 paucos
1480 1099 1616 1163 dies
1668 1098 2003 1163 conflictus
2066 1098 2354 1163 ordinem
2403 1104 2470 1161 et
2519 1103 2812 1161 eventum
2859 1096 2998 1177 ipse

733 1190 1243 1253 communicavit.
1295 1189 1539 1255 Verum
1592 1190 1647 1252 is
1698 1189 1764 1251 in
1815 1210 2120 1272 praesens
2171 1210 2388 1253 rerum
2435 1194 2804 1253 nostrarum
2869 1192 2998 1250 sta-

732 1284 837 1343 tus
908 1284 1023 1357 est,
1086 1284 1161 1343 ut
1227 1280 1347 1343 hoc
1414 1279 1494 1345 ad
1562 1300 1879 1343 summam
1942 1279 2094 1343 belli
2157 1279 2507 1362 quidquam
2577 1276 2790 1355 faciat,
2873 1276 2993 1341 nisi

732 1369 1105 1435 auctoritati
1156 1369 1439 1452 partium
1492 1369 1962 1452 quodammodo
2014 1370 2372 1451 derogaret,
2423 1370 2662 1453 quippe
2693 1389 2839 1432 cum
2871 1368 2997 1432 Re-

732 1461 830 1541 gis
880 1458 1135 1523 Daniae
1192 1465 1259 1524 et
1319 1460 1825 1524 Brunswicensis
1889 1462 2210 1524 exereitus
2271 1459 2500 1524 validis
2561 1458 2772 1523 adhuc
2834 1458 2998 1521 inte-

732 1549 993 1631 grisque
1048 1548 1288 1613 viribus
1342 1551 1491 1627 siut,
1541 1557 1608 1614 et
1660 1551 1926 1615 nuncin
1965 1549 2428 1615 Marchionatu
2475 1570 2592 1631 per
2631 1548 2994 1631 generalem

732 1638 950 1704 Fuchs
984 1645 1050 1702 et
1082 1639 1390 1723 majorem
1422 1640 1649 1704 militis
1696 1638 2108 1704 Mansfeldici
2155 1662 2492 1705 numerum
2514 1687 2710 1703 ......
2760 1636 2998 1701 intenti

734 1750 955 1793 curam
988 1730 1315 1807 uniantur,
1366 1752 1442 1794 ac
1471 1730 1733 1813 insuper
1765 1736 1990 1796 contra
2022 1730 2312 1812 Ligistas
2345 1728 2776 1814 potentissimi
2809 1728 2996 1791 Prin-

735 1820 907 1901 cipes
969 1840 1150 1883 arma
1167 1868 1495 1883 ........
1558 1827 1926 1903 properent,
1973 1820 2246 1885 firmiter
2293 1820 2474 1891 nobis
2537 1818 2999 1902 persuademus

733 1910 965 1992 exiguo
1014 1914 1301 1992 tempore
1349 1909 1659 1987 futurum,
1710 1918 1784 1975 ut
1829 1910 2199 1994 Imperator
2248 1908 2700 1975 Ferdinandus
2751 1910 2996 1973 cineres

734 2003 808 2063 et·
829 2000 1081 2064 ruinam
1116 1996 1509 2065 Germaniae
1557 2001 1818 2083 proprio
1868 2002 2256 2083 patrimonio
2303 2005 2675 2083 compenset
2705 2020 2782 2063 ac
2814 1997 2999 2062 talio-

736 2090 835 2153 nis
870 2110 1144 2172 poenam
1175 2089 1370 2172 duplo
1420 2091 1758 2167 sustineat,
1810 2093 1877 2154 in
1910 2112 2099 2174 quem
2132 2090 2325 2154 finem
2374 2080 2605 2156 Turcis
2657 2109 2871 2153 severe
2905 2089 3000 2151 in-

733 2178 1049 2259 junctum,
1084 2185 1155 2243 ut
1187 2181 1505 2245 amicitias
1538 2180 1956 2259 mentiantur,
1987 2180 2356 2264 bellumque
2390 2186 2456 2245 et
2487 2180 2634 2245 odia
2664 2178 2758 2244 Al
2792 2226 3002 2243 .....

735 2269 1057 2347 simulent,
1089 2269 1291 2333 donec
1316 2271 1648 2335 incautum
1669 2275 1739 2334 et
1756 2292 2051 2336 successu
2072 2292 2148 2335 ac
2168 2272 2509 2337 severitate
2530 2270 2812 2335 solutum
2843 2268 3003 2331 totis

735 2358 975 2424 viribus
1010 2359 1407 2424 adoriantur.
1442 2360 1613 2425 Sunt
1638 2360 1850 2425 adhuc
1881 2362 2000 2425 viri
2021 2362 2376 2441 Principes,
2407 2382 2567 2444 quos
2587 2361 2748 2425 haec
2779 2360 3002 2423 Mans-

736 2448 909 2531 feldy
958 2450 1423 2532 qualiscunque
1472 2450 1689 2515 clades
1745 2450 1978 2516 fortius
2042 2452 2368 2529 accendat,
2418 2457 2484 2515 et
2531 2455 2887 2535 exasperet,
2933 2450 3000 2511 in

742 2539 859 2601 hos
916 2537 1147 2603 Seren⁸
1194 2538 1401 2605 Oelsd‘*
1476 2540 1611 2605 Sua
1661 2543 2078 2625 praecipuum
2099 2591 2514 2605 ..........
2577 2542 2788 2604 locum
2838 2539 3004 2603 obti-

744 2633 874 2708 net,
907 2634 1135 2712 utpote
1167 2651 1333 2712 quae
1366 2680 1616 2695 ......
1651 2630 1716 2696 N
1720 2634 1976 2697 uncinum
2011 2638 2196 2696 tanto
2229 2632 2550 2696 vindictae
2587 2630 2904 2696 desiderio
2937 2634 3006 2692 et

742 2719 1099 2802 cupiditate
1120 2721 1379 2798 exarsit,
1413 2727 1486 2784 ut
1505 2723 1934 2786 clarissimum
1955 2723 2215 2787 virtutis
2248 2743 2402 2787 suae
2421 2725 2488 2787 in
2507 2720 2792 2786 adversis
2813 2721 3005 2784 rebus

741 2810 1252 2891 experimentum
1292 2811 1559 2888 dederit,
1609 2812 1752 2876 ideo
1801 2813 2099 2877 videlice-t
2141 2812 2319 2896 justo
2370 2812 2496 2877 Dei
2539 2812 2784 2895 judicio
2815 2832 3006 2874 casus

739 2899 1005 2963 humani
1041 2902 1525 2983 permittuntur,
1557 2908 1631 2966 ut
1663 2903 1728 2966 in
1763 2903 2086 2968 aerumnis
2119 2909 2316 2985 atque
2347 2901 2830 2968 calamitatibus
2861 2921 3005 2984 per-

741 2992 1141 3054 severantiae
1178 2997 1375 3056 testes
1408 2992 1555 3068 sint,
1607 2999 1672 3056 et
1724 2999 1982 3057 tutante
2033 2995 2296 3058 fortuna
2327 3014 2555 3076 regum
2602 2992 2798 3058 corda
2829 3013 3004 3054 scru-

742 3084 982 3143 tentur.
1016 3079 1361 3146 Coeterum
1381 3079 1779 3146 Ferdinandi
1811 3082 2029 3148 Duces
2056 3083 2504 3166 gravissimum
2535 3102 2819 3147 errorem
2838 3103 3007 3147 com-

739 3170 1069 3248 miserunt,
1090 3172 1259 3252 quod
1285 3172 1618 3235 dulcedine
1649 3173 2038 3255 praedarum
2067 3174 2342 3238 illectati
2376 3180 2478 3239 tot
2507 3175 2822 3239 mensium
2857 3193 3006 3254 spa-

740 3260 840 3323 cia
887 3259 1391 3344 Episcopatibus
1438 3261 1848 3327 Heldeshimi
1899 3264 2449 3348 Magdeburgensi
2488 3262 2840 3328 Alberstat
2871 3261 3004 3326 fru-

740 3355 879 3413 stra
910 3352 1354 3415 consunserint
1388 3357 1451 3414 et
1483 3375 1609 3416 non
1642 3353 1707 3416 in
1743 3354 2198 3418 Pomeraniam
2231 3362 2408 3419 recto
2440 3376 2626 3419 curso
2660 3352 3004 3418 contende-

740 3440 889 3517 rint,
921 3438 1010 3504 ibi
1044 3441 1213 3504 enim
1244 3443 1498 3505 ratione
1532 3443 1710 3518 situS,
1745 3448 1812 3506 et
1843 3450 2078 3510 natura
2111 3443 2232 3508 loci
2272 3444 2352 3507 ob
2392 3464 2595 3528 aquas
2630 3453 2698 3508 et
2736 3443 3007 3527 paludes

742 3529 1023 3612 undique
1074 3531 1532 3614 interjacentes
1583 3532 1812 3614 Belgio
1861 3533 2168 3598 simillimi
2223 3535 2461 3599 Martis
2511 3534 2728 3599 sedem
2761 3541 3006 3598 statue-

744 3620 909 3700 rint3
970 3620 1427 3704 expugnabilia
1475 3623 1877 3688 munimenta
1925 3624 2186 3705 erigere,
2241 3623 2632 3688 sufficientes
2675 3629 3006 3689 comestus

741 3709 996 3787 habere,
1028 3709 1318 3775 Balthici
1353 3713 1550 3776 maris
1572 3720 1797 3795 portus
1829 3736 2160 3797 occupare,
2194 3715 2467 3780 classem
2493 3715 2838 3794 instruere,
2870 3711 3007 3776 Da·

742 3799 916 3863 niam
948 3798 1237 3882 affligere
1269 3851 1282 3864 .
1317 3851 1329 3864 .
1366 3851 1377 3864 .
1413 3851 1425 3864 .
1476 3802 1658 3867 aditu
1712 3803 2052 3884 prohibere
2084 3826 2160 3868 ac
2190 3805 2481 3870 Electori
2514 3805 2770 3870 frenum
2800 3805 3004 3886 impo-

742 3909 911 3980 nere,
944 3910 1061 3970 pro
1082 3889 1275 3954 libitu
1295 3893 1672 3973 potuissent.
1704 3893 1862 3958 Jam
1895 3893 2049 3957 mihi
2073 3895 2232 3958 adeo
2253 3895 2812 3978 progrediendum,
2833 3913 3000 3975 quae

744 3978 917 4042 Seru*
956 3979 1444 4045 Transilvaniae
1478 3982 1790 4064 Princeps
1839 3983 2148 4064 peculiari
2198 3986 2642 4050 commissione
2690 3983 3004 4070 potentis-

740 4068 969 4132 simam
1002 4069 1491 4153 Rempublicam
1524 4071 1844 4138 Venetam
1878 4081 2314 4151 concernente‚
2361 4097 2531 4142 nunc
2561 4075 2753 4140 Ill¹¹¹⁸“·
2799 4073 3008 4156 digni-

744 4159 866 4221 tati
886 4158 1031 4224 VW
1050 4159 1398 4224 clementer
1430 4161 1825 4244 injungenda
1851 4165 2277 4244 existimavit3
2311 4159 2580 4231 eandem‘
2609 4166 2884 4247 benigne
2905 4183 3004 4227 re-

743 4249 1003 4327 quirens
1035 4255 1111 4312 ut
1139 4249 1383 4314 intuitu
1416 4271 1647 4316 causae
1679 4253 2048 4334 communiS,
2099 4261 2164 4318 et
2196 4255 2602 4320 considerato
2635 4262 2998 4337 temporum

746 4338 1100 4418 periculoso
1150 4345 1329 4404 statu
1348 4391 1810 4406 ...........
1873 4344 1940 4408 in
1988 4366 2236 4409 summa
2285 4343 2428 4424 fide,
2478 4345 2718 4428 Legati
2765 4365 3003 4409 munus

742 4427 923 4504 obiri,
974 4427 1285 4493 Venetias
1337 4431 1478 4514 ipsa
1528 4431 1860 4514 proficisci,
1924 4440 1988 4497 et
2036 4436 2292 4498 nomine
2343 4433 2520 4500 serm
2571 4435 2744 4500 Suae
2777 4455 2996 4499 coram

743 4516 1018 4580 Excelsa
1051 4515 1337 4600 Collegio
1380 4521 1866 4585 ‹·1·ed0ntialinm
1917 4523 2286 4588 lit-terarum
2323 4525 2536 4606 vigore
2571 4526 2866 4608 pluribus
2899 4545 3004 4593 ex·
