3459 5300
1105 306 1290 360 1625.
1326 312 1477 363 ima
1518 305 1617 360 27.
1654 274 1683 283 ⁴
2495 304 2620 359 555

364 478 598 543 tentati
631 478 697 544 di
730 478 1085 543 admettere
1122 499 1283 542 6660
1316 478 1335 541 1
1371 477 1812 545 001111616661·11
1846 480 1948 544 (161
1987 478 2227 559 Gabor,
2261 480 2376 545 che
2410 480 2622 563 prima

362 568 754 633 1166661660.
789 568 1033 635 Gratie.
1068 569 1267 633 Dalle
1302 568 1515 650 Vigne
1547 568 1612 631 di
1646 568 1818 634 Pera
1849 591 1888 634 a
1921 575 2003 633 23
2039 570 2266 634 Marzo
2313 575 2502 635 1625.

1484 747 1576 813 Di
1607 748 1854 815 Vestra
1885 749 2182 815 Serenita

1120 872 1340 939 Simon
1375 873 1717 941 Contarini
1751 872 2052 940 Oavalier
2081 873 2533 942 Ambassator.

1242 982 1434 1047 Zorzi
1468 979 1845 1048 Giustinian
1878 980 2178 1049 Cavalier
2209 984 2420 1051 Bailo.

1342 1180 1645 1190 m—

1171 1402 1360 1463 1625.
1408 1400 1656 1484 april
1704 1404 1807 1465 27.

574 1560 997 1628 Serenissimo
1030 1561 1336 1647 Principe
1341 1610 1660 1626 ......
1710 1562 1953 1647 Scripsi
1993 1563 2128 1628 alla
2159 1563 2460 1630 Serenita
2492 1564 2623 1631 Vo-

358 1660 495 1719 stra
524 1654 590 1717 io
620 1651 810 1717 Bailo
842 1672 961 1715 con
991 1652 1053 1715 le
1086 1652 1213 1716 mie
1244 1651 1325 1715 (16
1360 1656 1395 1714 3
1431 1650 1776 1729 FebbraiO,
1823 1660 1889 1717 et
1917 1654 1998 1718 de
2031 1659 2068 1717 3
2104 1654 2330 1719 Marzo
2362 1661 2624 1737 passato

356 1747 599 1825 quanto
632 1748 685 1806 si
718 1742 1141 1824 maneggiava
1175 1741 1289 1825 qui
1321 1741 1479 1807 dani
1516 1742 1947 1808 Ambassator
1981 1744 2046 1809 di
2077 1743 2353 1820 Franza,
2376 1742 2624 1827 Inghil-

354 1839 549 1909 terra,
583 1838 650 1897 et
684 1832 856 1897 Stati
907 1852 1023 1915 per
1056 1831 1095 1895 1’
1130 1830 1572 1897 annullatione
1623 1832 1796 1898 della
1845 1854 2006 1917 pace
2057 1840 2162 1898 tra
2211 1834 2256 1898 11
2307 1832 2624 1917 Prencipe

356 1920 580 1988 Gabor
628 1929 693 1987 61,
760 1922 801 1985 1’
840 1921 1209 2005 Imperator
1270 1942 1389 1987 con
1450 1921 1595 2001 fine,
1644 1924 1762 1987 6116
1800 1922 2087 1989 (10166ᾶο
2139 1926 2354 2006 percio
2406 1924 2624 2006 quella.

354 2014 616 2078 Maesta
648 2033 821 2076 esser
855 2012 1239 2077 necessitata
1272 2032 1313 2075 a
1344 2014 1739 2077 mantenersi
1770 2012 1812 2076 l’
1832 2020 2085 2078 armata
2118 2014 2286 2078 nelle
2317 2013 2624 2079 frontiere

355 2103 413 2168 d‘
447 2102 757 2185 Ongaria,
791 2102 845 2166 si
877 2100 1117 2166 facesse
1149 2101 1502 2167 diversione
1553 2102 1722 2167 delle
1774 2124 1888 2167 sue
1938 2106 2102 2168 armi
2152 2110 2380 2169 contra
2413 2104 2624 2187 quelle

352 2192 431 2258 (16
462 2194 785 2257 6016161161
816 2192 1106 2275 Principi
1166 2191 1337 2257 66116
1386 2194 1874 2276 recuperatione
1925 2192 2096 2257 della
2125 2192 2493 2260 Vattellina
2561 2200 2628 2258 et

353 2282 753 2359 Palatinam,
802 2287 868 2345 et
916 2281 984 2345 di
1039 2280 1151 2365 piu
1182 2280 1224 2344 l’
1256 2282 1653 2365 espeditione
1702 2282 1762 2347 d’
1794 2306 1882 2347 un
1916 2283 2151 2348 huomo
2183 2303 2476 2366 espresso
2507 2304 2622 2347 con

350 2373 489 2437 loro
539 2372 770 2437 lettere
823 2372 885 2436 al
920 2371 1257 2454 Prencipe‚
1318 2393 1434 2454 per
1495 2373 1886 2438 inanimarlo
1917 2372 2050 2437 alla
2099 2372 2280 2438 detta
2332 2372 2623 2437 annulla-

352 2463 546 2539 tione,
598 2467 664 2527 et
712 2462 762 2526 il
811 2482 1118 2526 consenso
1171 2462 1289 2525 che
1321 2464 1382 2527 io
1414 2469 1714 2545 prestavo
1767 2484 1808 2527 a
1857 2470 2084 2546 questo
2133 2464 2476 2546 maneggio
2507 2484 2624 2547 per

355 2552 394 2617 l’
428 2546 743 2617 interesse
776 2551 841 2616 di
872 2551 1116 2619 Vostra
1145 2550 1461 2634 Serenita,
1493 2574 1683 2618 senza
1714 2556 1872 2637 pero
1905 2554 2104 2617 haver
2139 2553 2352 2618 voluto
2385 2554 2626 2621 scriver

356 2644 485 2708 mie
520 2642 751 2708 lettere
782 2664 821 2707 a
860 2642 1014 2726 quel
1063 2640 1384 2725 Principe.
1462 2642 1647 2708 Hora
1698 2643 1967 2709 essendo
2019 2650 2282 2710 tornato
2314 2644 2356 2708 l’
2388 2643 2625 2710 huomo

354 2755 469 2798 6011
506 2733 567 2797 16
600 2753 715 2798 6116
753 2733 1045 2815 risposte,
1109 2731 1156 2796 il
1219 2729 1455 2814 Signor
1486 2731 1918 2798 Ambassator
1949 2733 2008 2798 d’
2041 2733 2445 2818 Inghilterra
2483 2735 2554 2799 fu
2585 2757 2626 2800 a

352 2823 629 2889 darcene
679 2830 882 2906 parte,
914 2829 981 2887 et
1012 2823 1068 2886 ci
1100 2821 1289 2899 disse,
1341 2823 1457 2886 che
1490 2823 1555 2887 la
1586 2845 1704 2889 sua
1737 2845 1849 2888 era
1899 2825 1966 2889 in
2021 2825 2282 2889 termini
2316 2826 2623 2907 generali,

352 2910 797 2978 rimettendosi
828 2913 934 2976 nei
974 2911 1351 2995 particolari
1384 2934 1423 2976 6
1456 2921 1698 2996 quanto
1730 2915 1906 2978 saria
1939 2920 2215 2979 trattato
2248 2936 2392 2979 seco
2424 2936 2542 2980 606
2577 2916 2624 2979 11

352 3003 506 3068 altri
548 3002 1009 3068 Ambassatori
1072 3001 1179 3068 dal
1244 3023 1378 3080 su0,
1428 3003 1542 3066 che
1593 3005 1701 3086 gia
1753 3004 1991 3068 haveva
2043 3004 2438 3070 incaminato
2489 3003 2624 3069 alla

352 3094 557 3159 Porta
588 3114 707 3158 con
760 3114 1050 3176 espresse
1082 3093 1511 3157 commissioni
1563 3093 1631 3156 in
1684 3095 1897 3174 questi
1948 3095 2280 3178 propositi,
2313 3102 2378 3159 et
2409 3094 2622 3158 arrivb

354 3185 396 3249 1'
418 3183 589 3248 altro
608 3183 790 3248 hieri.
826 3183 1031 3248 Terzo
1065 3182 1290 3263 giorno
1321 3182 1391 3246 fu
1424 3182 1990 3248 medesimamente
2025 3185 2108 3248 da
2141 3186 2249 3249 noi
2281 3184 2321 3248 1’
2341 3183 2624 3250 Ambas-

352 3281 531 3339 sator
561 3274 663 3337 dei
698 3273 955 3357 Signori
990 3272 1166 3338 Stati
1200 3293 1316 3354 per
1354 3273 1781 3339 comunicarci
1815 3273 1880 3338 la
1913 3274 2210 3356 risposta,
2245 3274 2362 3340 che
2393 3281 2625 3338 teneva

349 3364 437 3428 (16
466 3363 620 3446 quel
650 3363 973 3446 Principe,
1006 3370 1072 3426 et
1103 3363 1159 3426 ci
1200 3363 1441 3427 mostrb
1475 3361 1601 3427 due
1632 3362 1881 3440 lettere,
1915 3385 2046 3428 1166
2077 3363 2141 3428 di
2174 3364 2266 3429 lui
2301 3364 2622 3446 scrittagli

352 3456 420 3518 in
450 3454 715 3518 termini
746 3453 1049 3536 generali,
1070 3459 1135 3516 et
1164 3451 1209 3515 li
1244 3451 1592 3530 medesimi,
1625 3453 1742 3517 che
1775 3455 1840 3518 in
1873 3453 2091 3535 quella
2116 3453 2175 3518 d’
2198 3453 2622 3536 Inghitterra‚

350 3565 459 3609 ma
489 3565 609 3608 con
642 3543 951 3626 aggionta
982 3543 1047 3607 di
1083 3563 1211 3606 una
1243 3542 1621 3625 postscritta
1651 3542 1716 3606 di
1757 3565 1874 3607 sua
1928 3564 2118 3607 mano
2188 3565 2302 3608 con
2370 3544 2434 3607 la
2468 3543 2620 3626 qual

352 3656 475 3718 par
523 3635 578 3698 si
628 3633 893 3698 rimetta.
940 3655 981 3697 a
1030 3638 1273 3714 quanto
1334 3633 1395 3696 16
1456 3633 1638 3696 11666
1671 3633 1902 3698 scritto
1955 3631 2038 3696 da
2070 3654 2157 3697 un
2191 3632 2286 3698 tal
2319 3634 2622 3715 capitano

352 3745 485 3802 6110,
517 3731 583 3788 et
620 3723 661 3787 l’
695 3724 868 3788 altra
898 3723 1009 3788 dal
1046 3723 1393 3787 medesimo
1444 3723 1746 3804 capitano
1780 3717 2242 3802 scrittascome
2275 3723 2329 3787 si
2361 3725 2488 3807 pub
2523 3744 2622 3786 16-

351 3814 483 3892 (161,
514 3835 632 3897 per
661 3813 885 3878 ordine
917 3812 1022 3877 del
1051 3813 1373 3895 Principe,
1423 3811 1593 3876 dalle
1627 3813 1807 3894 quali
1859 3812 2144 3877 tradotte
2177 3813 2287 3877 dal
2320 3812 2523 3877 latino
2557 3820 2622 3877 et

352 3905 463 3987 qui
496 3902 779 3986 alligate,
812 3901 1272 3986 comprenderis
1291 3902 1355 3967 la
1389 3901 1687 3966 Serenita
1716 3902 1961 3968 Vostra
1992 3903 2039 3967 li
2072 3905 2211 3967 suoi
2245 3902 2522 3985 pensieri
2558 3911 2622 3967 et

350 3995 745 4077 pretensioni
796 3995 862 4058 in
918 3992 1129 4076 questi
1162 3991 1367 4070 affari,
1419 3991 1599 4073 quali
1655 4013 1774 4074 per
1823 3999 2066 4074 quanto
2119 3993 2346 4058 dicono
2396 3999 2622 4074 queste

350 4085 583 4150 lettere
632 4103 913 4148 saranno
964 4103 1126 4148 anco
1175 4083 1385 4164 prima
1415 4083 1752 4165 pervenuti
1784 4081 1917 4147 alla
1959 4103 2077 4146 sua
2109 4083 2356 4159 notitia,
2389 4081 2623 4146 haven-

350 4175 493 4239 doci
526 4175 591 4238 in
626 4173 791 4238 oltre
823 4175 1130 4256 aggionto
1162 4172 1203 4236 l'
1235 4169 1684 4249 Ambassator‚
1716 4171 1914 4236 haver
1964 4172 2012 4236 il
2062 4173 2162 4237 Re
2201 4169 2622 4236 Christianis·

351 4266 513 4330 simo
546 4285 665 4329 606
697 4264 1197 4347 participatione
1229 4261 1403 4326 della
1434 4260 1580 4344 lega
1611 4261 1864 4344 spedito
1896 4261 2174 4326 corriere
2207 4261 2270 4325 al
2302 4261 2621 4344 Prencipe

350 4375 468 4438 per
494 4352 541 4417 li
572 4354 733 4418 detti
762 4354 1021 4436 negotii,
1042 4373 1159 4417 con
1192 4353 1257 4416 16
1287 4352 1389 4415 cui
1422 4351 1876 4434 riespeditione
1909 4352 2106 4416 haver
2138 4351 2266 4432 egli
2296 4350 2470 4415 nella
2502 4373 2622 4416 sua

350 4445 629 4528 risposta
679 4443 1041 4510 dichiarato
1090 4443 1137 4507 li
1185 4441 1465 4526 pensieri
1526 4449 1591 4505 et
1651 4442 2048 4525 pretensioni
2100 4440 2412 4526 predette,
2463 4448 2530 4506 et
2561 4443 2619 4507 61
