<?xml version="1.0" encoding="UTF-8"?>
<!DOCTYPE html PUBLIC "-//W3C//DTD XHTML 1.0 Transitional//EN"
    "http://www.w3.org/TR/xhtml1/DTD/xhtml1-transitional.dtd">
<html xmlns="http://www.w3.org/1999/xhtml" xml:lang="en" lang="en">
 <head>
  <title>
</title>
<meta http-equiv="Content-Type" content="text/html;charset=utf-8" />
  <meta name='ocr-system' content='tesseract 3.04.00' />
  <meta name='ocr-capabilities' content='ocr_page ocr_carea ocr_par ocr_line ocrx_word'/>
</head>
<body>
  <div class='ocr_page' id='page_1' title='image "./diplomatariumre00vgoog_0024.png"; bbox 0 0 3459 5300; ppageno 0'>
   <div class='ocr_carea' id='block_1_1' title="bbox 796 267 2240 326">
    <p class='ocr_par' dir='ltr' id='par_1_1' title="bbox 796 267 2240 326">
     <span class='ocr_line' id='line_1_1' title="bbox 796 267 2240 326; baseline 0.003 -5"><span class='ocrx_word' id='word_1_1' title='bbox 796 267 873 322; x_wconf 85' lang='lat'>10</span> <span class='ocrx_word' id='word_1_2' title='bbox 1619 289 1865 324; x_wconf 61' lang='lat' dir='ltr'>aurnuns</span> <span class='ocrx_word' id='word_1_3' title='bbox 1901 288 1953 324; x_wconf 74' lang='lat' dir='ltr'>e.</span> <span class='ocrx_word' id='word_1_4' title='bbox 1987 288 2240 326; x_wconf 60' lang='lat' dir='ltr'>nmmum.</span> 
     </span>
    </p>
   </div>
   <div class='ocr_carea' id='block_1_2' title="bbox 1662 539 2267 926">
    <p class='ocr_par' dir='ltr' id='par_1_2' title="bbox 1662 539 2267 926">
     <span class='ocr_line' id='line_1_2' title="bbox 1824 539 2267 638; baseline -0.007 -20"><span class='ocrx_word' id='word_1_5' title='bbox 1824 539 2025 618; x_wconf 64' lang='lat' dir='ltr'>Vm.</span> <span class='ocrx_word' id='word_1_6' title='bbox 2260 634 2267 638; x_wconf 32' lang='lat'><em>‚</em></span> 
     </span>
     <span class='ocr_line' id='line_1_3' title="bbox 1662 696 2201 779; baseline -0.006 -18"><span class='ocrx_word' id='word_1_7' title='bbox 1662 701 1851 761; x_wconf 77' lang='lat'>1623.</span> <span class='ocrx_word' id='word_1_8' title='bbox 1894 717 1919 779; x_wconf 85' lang='lat' dir='ltr'><strong>J</strong></span> <span class='ocrx_word' id='word_1_9' title='bbox 1944 701 1987 760; x_wconf 80' lang='grc' dir='ltr'>ὑ.</span> <span class='ocrx_word' id='word_1_10' title='bbox 2008 696 2047 760; x_wconf 90' lang='lat' dir='ltr'>l.</span> <span class='ocrx_word' id='word_1_11' title='bbox 2098 701 2201 760; x_wconf 81' lang='lat'>27.</span> 
     </span>
     <span class='ocr_line' id='line_1_4' title="bbox 1699 840 2159 926; baseline 0.004 -24"><span class='ocrx_word' id='word_1_12' title='bbox 1699 840 2159 926; x_wconf 67' lang='lat' dir='ltr'>Ugyyanannak.</span> 
     </span>
    </p>
   </div>
   <div class='ocr_carea' id='block_1_3' title="bbox 792 999 3066 3326">
    <p class='ocr_par' dir='ltr' id='par_1_3' title="bbox 792 999 3066 3145">
     <span class='ocr_line' id='line_1_5' title="bbox 1012 999 3063 1087; baseline -0.002 -19"><span class='ocrx_word' id='word_1_13' title='bbox 1012 1003 1415 1070; x_wconf 85' lang='lat' dir='ltr'>Serinissime</span> <span class='ocrx_word' id='word_1_14' title='bbox 1449 1003 1778 1087; x_wconf 74' lang='lat' dir='ltr'>Princeps.</span> <span class='ocrx_word' id='word_1_15' title='bbox 1828 1004 2015 1068; x_wconf 88' lang='lat' dir='ltr'>Licet</span> <span class='ocrx_word' id='word_1_16' title='bbox 2046 1003 2179 1084; x_wconf 86' lang='lat' dir='ltr'>jam</span> <span class='ocrx_word' id='word_1_17' title='bbox 2229 1010 2421 1068; x_wconf 86' lang='lat' dir='ltr'>antea</span> <span class='ocrx_word' id='word_1_18' title='bbox 2458 1001 2710 1066; x_wconf 88' lang='lat' dir='ltr'>abunde</span> <span class='ocrx_word' id='word_1_19' title='bbox 2744 999 2925 1066; x_wconf 65' lang='lat' dir='ltr'>Seu-¹1⁸</span> <span class='ocrx_word' id='word_1_20' title='bbox 2978 1000 3063 1068; x_wconf 81' lang='lat' dir='ltr'>V.</span> 
     </span>
     <span class='ocr_line' id='line_1_6' title="bbox 793 1091 3063 1179; baseline 0 -23"><span class='ocrx_word' id='word_1_21' title='bbox 793 1093 1195 1178; x_wconf 83' lang='lat' dir='ltr'>inclytaeque</span> <span class='ocrx_word' id='word_1_22' title='bbox 1207 1095 1454 1159; x_wconf 87' lang='lat' dir='ltr'>Earum</span> <span class='ocrx_word' id='word_1_23' title='bbox 1468 1093 1889 1179; x_wconf 75' lang='lat' dir='ltr'>Reipublicae</span> <span class='ocrx_word' id='word_1_24' title='bbox 1910 1092 2127 1158; x_wconf 87' lang='lat' dir='ltr'>inNos</span> <span class='ocrx_word' id='word_1_25' title='bbox 2147 1093 2413 1158; x_wconf 86' lang='lat' dir='ltr'>affectus</span> <span class='ocrx_word' id='word_1_26' title='bbox 2434 1093 2843 1176; x_wconf 78' lang='lat' dir='ltr'><strong>promptique</strong></span> <span class='ocrx_word' id='word_1_27' title='bbox 2866 1091 3063 1156; x_wconf 87' lang='lat' dir='ltr'>animi</span> 
     </span>
     <span class='ocr_line' id='line_1_7' title="bbox 793 1183 3063 1267; baseline 0 -22"><span class='ocrx_word' id='word_1_28' title='bbox 793 1183 1089 1249; x_wconf 86' lang='lat' dir='ltr'>voluntas</span> <span class='ocrx_word' id='word_1_29' title='bbox 1122 1185 1492 1250; x_wconf 76' lang='lat' dir='ltr'>certissimis</span> <span class='ocrx_word' id='word_1_30' title='bbox 1529 1185 1927 1267; x_wconf 72' lang='lat' dir='ltr'>argumentis</span> <span class='ocrx_word' id='word_1_31' title='bbox 1978 1183 2160 1248; x_wconf 87' lang='lat' dir='ltr'>nobis</span> <span class='ocrx_word' id='word_1_32' title='bbox 2210 1191 2538 1266; x_wconf 87' lang='lat' dir='ltr'>comperta</span> <span class='ocrx_word' id='word_1_33' title='bbox 2587 1183 2795 1260; x_wconf 87' lang='lat' dir='ltr'>fuerit,</span> <span class='ocrx_word' id='word_1_34' title='bbox 2847 1188 3063 1246; x_wconf 89' lang='lat' dir='ltr'>tamen</span> 
     </span>
     <span class='ocr_line' id='line_1_8' title="bbox 792 1272 3061 1358; baseline -0.001 -21"><span class='ocrx_word' id='word_1_35' title='bbox 792 1297 938 1338; x_wconf 88' lang='lat' dir='ltr'>cum</span> <span class='ocrx_word' id='word_1_36' title='bbox 970 1274 1230 1340; x_wconf 88' lang='lat' dir='ltr'>uberius</span> <span class='ocrx_word' id='word_1_37' title='bbox 1264 1297 1340 1339; x_wconf 87' lang='lat' dir='ltr'>ex</span> <span class='ocrx_word' id='word_1_38' title='bbox 1372 1274 1560 1338; x_wconf 88' lang='lat' dir='ltr'>fidele</span> <span class='ocrx_word' id='word_1_39' title='bbox 1595 1281 1829 1356; x_wconf 82' lang='lat' dir='ltr'>nostre,</span> <span class='ocrx_word' id='word_1_40' title='bbox 1865 1296 2053 1356; x_wconf 86' lang='lat' dir='ltr'>quem</span> <span class='ocrx_word' id='word_1_41' title='bbox 2088 1295 2213 1338; x_wconf 87' lang='grc'><strong>11011</strong></span> <span class='ocrx_word' id='word_1_42' title='bbox 2247 1274 2343 1338; x_wconf 87' lang='lat' dir='ltr'>ita</span> <span class='ocrx_word' id='word_1_43' title='bbox 2374 1273 2623 1358; x_wconf 83' lang='lat' dir='ltr'>pridem</span> <span class='ocrx_word' id='word_1_44' title='bbox 2656 1295 2729 1337; x_wconf 90' lang='lat' dir='ltr'>eo</span> <span class='ocrx_word' id='word_1_45' title='bbox 2762 1272 3061 1356; x_wconf 79' lang='lat' dir='ltr'>ablegan-</span> 
     </span>
     <span class='ocr_line' id='line_1_9' title="bbox 793 1363 3063 1449; baseline -0.001 -21"><span class='ocrx_word' id='word_1_46' title='bbox 793 1365 946 1429; x_wconf 87' lang='lat' dir='ltr'>dum</span> <span class='ocrx_word' id='word_1_47' title='bbox 980 1366 1401 1445; x_wconf 75' lang='lat' dir='ltr'>volueramuS,</span> <span class='ocrx_word' id='word_1_48' title='bbox 1454 1371 1519 1429; x_wconf 88' lang='lat' dir='ltr'>et</span> <span class='ocrx_word' id='word_1_49' title='bbox 1570 1386 1873 1449; x_wconf 79' lang='lat' dir='ltr'>syncerae</span> <span class='ocrx_word' id='word_1_50' title='bbox 1906 1365 2151 1429; x_wconf 85' lang='lat' dir='ltr'>Earum</span> <span class='ocrx_word' id='word_1_51' title='bbox 2202 1363 2569 1440; x_wconf 78' lang='lat' dir='ltr'>voluntatiS,</span> <span class='ocrx_word' id='word_1_52' title='bbox 2601 1370 2665 1426; x_wconf 89' lang='lat' dir='ltr'>et</span> <span class='ocrx_word' id='word_1_53' title='bbox 2712 1364 3063 1428; x_wconf 87' lang='lat' dir='ltr'>constantis</span> 
     </span>
     <span class='ocr_line' id='line_1_10' title="bbox 793 1450 3061 1539; baseline -0.001 -21"><span class='ocrx_word' id='word_1_54' title='bbox 793 1455 1060 1520; x_wconf 81' lang='lat' dir='ltr'>affectus</span> <span class='ocrx_word' id='word_1_55' title='bbox 1093 1457 1278 1538; x_wconf 84' lang='lat' dir='ltr'>signa</span> <span class='ocrx_word' id='word_1_56' title='bbox 1298 1455 1775 1539; x_wconf 80' lang='lat' dir='ltr'>perceperimus</span> <span class='ocrx_word' id='word_1_57' title='bbox 1797 1480 1811 1534; x_wconf 84' lang='lat'>3</span> <span class='ocrx_word' id='word_1_58' title='bbox 1846 1455 1939 1519; x_wconf 88' lang='lat' dir='ltr'>uti</span> <span class='ocrx_word' id='word_1_59' title='bbox 1960 1455 2456 1520; x_wconf 86' lang='lat' dir='ltr'>humanissimas</span> <span class='ocrx_word' id='word_1_60' title='bbox 2478 1452 2864 1518; x_wconf 81' lang='lat' dir='ltr'>Serenitatis</span> <span class='ocrx_word' id='word_1_61' title='bbox 2884 1450 3061 1519; x_wconf 87' lang='lat' dir='ltr'>Vrae</span> 
     </span>
     <span class='ocr_line' id='line_1_11' title="bbox 794 1543 3064 1629; baseline -0.001 -21"><span class='ocrx_word' id='word_1_62' title='bbox 794 1545 876 1608; x_wconf 83' lang='lat' dir='ltr'>ad</span> <span class='ocrx_word' id='word_1_63' title='bbox 911 1567 1026 1610; x_wconf 88' lang='lat' dir='ltr'>nos</span> <span class='ocrx_word' id='word_1_64' title='bbox 1047 1547 1273 1612; x_wconf 83' lang='lat' dir='ltr'>literas</span> <span class='ocrx_word' id='word_1_65' title='bbox 1307 1551 1529 1629; x_wconf 87' lang='lat' dir='ltr'>gratas</span> <span class='ocrx_word' id='word_1_66' title='bbox 1559 1545 1920 1623; x_wconf 88' lang='lat' dir='ltr'>habuimus,</span> <span class='ocrx_word' id='word_1_67' title='bbox 1952 1544 2045 1609; x_wconf 86' lang='lat' dir='ltr'>ita</span> <span class='ocrx_word' id='word_1_68' title='bbox 2074 1545 2235 1610; x_wconf 88' lang='lat' dir='ltr'>haec</span> <span class='ocrx_word' id='word_1_69' title='bbox 2267 1543 2779 1628; x_wconf 75' lang='lat' dir='ltr'>sapientissimae</span> <span class='ocrx_word' id='word_1_70' title='bbox 2814 1543 3064 1608; x_wconf 87' lang='lat' dir='ltr'>Earum</span> 
     </span>
     <span class='ocr_line' id='line_1_12' title="bbox 793 1631 3061 1719; baseline -0.002 -19"><span class='ocrx_word' id='word_1_71' title='bbox 793 1635 1216 1719; x_wconf 80' lang='lat' dir='ltr'>Reipublicae</span> <span class='ocrx_word' id='word_1_72' title='bbox 1247 1636 1562 1701; x_wconf 82' lang='lat' dir='ltr'>institutis</span> <span class='ocrx_word' id='word_1_73' title='bbox 1596 1635 1913 1718; x_wconf 84' lang='lat' dir='ltr'>condigna</span> <span class='ocrx_word' id='word_1_74' title='bbox 1946 1655 2083 1700; x_wconf 87' lang='lat' dir='ltr'>esse</span> <span class='ocrx_word' id='word_1_75' title='bbox 2128 1635 2574 1719; x_wconf 79' lang='lat' dir='ltr'>judicavimus,</span> <span class='ocrx_word' id='word_1_76' title='bbox 2618 1631 2866 1717; x_wconf 77' lang='lat' dir='ltr'>Quibus</span> <span class='ocrx_word' id='word_1_77' title='bbox 2918 1655 3061 1698; x_wconf 92' lang='lat' dir='ltr'>cum</span> 
     </span>
     <span class='ocr_line' id='line_1_13' title="bbox 800 1723 3063 1810; baseline -0.001 -22"><span class='ocrx_word' id='word_1_78' title='bbox 800 1725 935 1789; x_wconf 86' lang='lat' dir='ltr'>Nos</span> <span class='ocrx_word' id='word_1_79' title='bbox 969 1727 1140 1790; x_wconf 87' lang='lat' dir='ltr'>omui</span> <span class='ocrx_word' id='word_1_80' title='bbox 1174 1732 1406 1791; x_wconf 89' lang='lat' dir='ltr'>conatu</span> <span class='ocrx_word' id='word_1_81' title='bbox 1426 1747 1844 1810; x_wconf 86' lang='lat' dir='ltr'>responsuros</span> <span class='ocrx_word' id='word_1_82' title='bbox 1864 1724 2303 1810; x_wconf 80' lang='lat' dir='ltr'>polliceamur,</span> <span class='ocrx_word' id='word_1_83' title='bbox 2323 1724 2616 1790; x_wconf 78' lang='lat' dir='ltr'>dabimus</span> <span class='ocrx_word' id='word_1_84' title='bbox 2636 1723 2789 1788; x_wconf 88' lang='lat' dir='ltr'>inid</span> <span class='ocrx_word' id='word_1_85' title='bbox 2809 1743 3063 1806; x_wconf 87' lang='lat' dir='ltr'>quoque</span> 
     </span>
     <span class='ocr_line' id='line_1_14' title="bbox 795 1815 3061 1900; baseline -0 -22"><span class='ocrx_word' id='word_1_86' title='bbox 795 1817 978 1880; x_wconf 84' lang='lat' dir='ltr'>enixe</span> <span class='ocrx_word' id='word_1_87' title='bbox 1032 1837 1312 1900; x_wconf 86' lang='lat' dir='ltr'>operam,</span> <span class='ocrx_word' id='word_1_88' title='bbox 1363 1822 1435 1880; x_wconf 88' lang='lat' dir='ltr'>ut</span> <span class='ocrx_word' id='word_1_89' title='bbox 1483 1815 1815 1900; x_wconf 88' lang='lat' dir='ltr'>reciproca</span> <span class='ocrx_word' id='word_1_90' title='bbox 1854 1816 2143 1880; x_wconf 87' lang='lat' dir='ltr'>benevoli</span> <span class='ocrx_word' id='word_1_91' title='bbox 2184 1815 2381 1880; x_wconf 88' lang='lat' dir='ltr'>animi</span> <span class='ocrx_word' id='word_1_92' title='bbox 2432 1816 2635 1879; x_wconf 89' lang='lat' dir='ltr'>nostri</span> <span class='ocrx_word' id='word_1_93' title='bbox 2686 1815 2869 1897; x_wconf 87' lang='lat' dir='ltr'>signa</span> <span class='ocrx_word' id='word_1_94' title='bbox 2918 1815 3061 1878; x_wconf 88' lang='lat' dir='ltr'>Eis-</span> 
     </span>
     <span class='ocr_line' id='line_1_15' title="bbox 795 1903 3061 1982; baseline -0 -13"><span class='ocrx_word' id='word_1_95' title='bbox 795 1906 940 1969; x_wconf 88' lang='lat' dir='ltr'>dem</span> <span class='ocrx_word' id='word_1_96' title='bbox 995 1907 1164 1973; x_wconf 85' lang='lat' dir='ltr'>omni</span> <span class='ocrx_word' id='word_1_97' title='bbox 1223 1907 1551 1972; x_wconf 87' lang='lat' dir='ltr'>occasione</span> <span class='ocrx_word' id='word_1_98' title='bbox 1603 1907 2131 1972; x_wconf 89' lang='lat' dir='ltr'>demonstremus.</span> <span class='ocrx_word' id='word_1_99' title='bbox 2184 1905 2547 1982; x_wconf 84' lang='lat' dir='ltr'>Coeterum‚</span> <span class='ocrx_word' id='word_1_100' title='bbox 2597 1926 2741 1969; x_wconf 89' lang='lat' dir='ltr'>cum</span> <span class='ocrx_word' id='word_1_101' title='bbox 2792 1903 3061 1970; x_wconf 87' lang='lat' dir='ltr'>eundem</span> 
     </span>
     <span class='ocr_line' id='line_1_16' title="bbox 795 1994 3063 2081; baseline 0 -22"><span class='ocrx_word' id='word_1_102' title='bbox 795 1995 1150 2079; x_wconf 86' lang='lat' dir='ltr'>Egregium</span> <span class='ocrx_word' id='word_1_103' title='bbox 1203 1995 1605 2081; x_wconf 80' lang='lat' dir='ltr'>Stephanum</span> <span class='ocrx_word' id='word_1_104' title='bbox 1655 1997 1993 2074; x_wconf 83' lang='lat' dir='ltr'>Hattvani,</span> <span class='ocrx_word' id='word_1_105' title='bbox 2044 1997 2358 2063; x_wconf 81' lang='lat' dir='ltr'>Gamerae</span> <span class='ocrx_word' id='word_1_106' title='bbox 2408 2001 2669 2060; x_wconf 87' lang='lat' dir='ltr'>nostrae</span> <span class='ocrx_word' id='word_1_107' title='bbox 2730 1994 3063 2060; x_wconf 88' lang='lat' dir='ltr'>Desiensis</span> 
     </span>
     <span class='ocr_line' id='line_1_17' title="bbox 795 2085 3063 2170; baseline -0 -21"><span class='ocrx_word' id='word_1_108' title='bbox 795 2087 1222 2164; x_wconf 83' lang='lat' dir='ltr'>Praefectum,</span> <span class='ocrx_word' id='word_1_109' title='bbox 1255 2087 1749 2153; x_wconf 87' lang='lat' dir='ltr'>Internuncium</span> <span class='ocrx_word' id='word_1_110' title='bbox 1788 2093 2097 2166; x_wconf 88' lang='lat' dir='ltr'>nostrum,</span> <span class='ocrx_word' id='word_1_111' title='bbox 2129 2110 2275 2152; x_wconf 88' lang='lat' dir='ltr'>cum</span> <span class='ocrx_word' id='word_1_112' title='bbox 2324 2086 2444 2151; x_wconf 90' lang='lat' dir='ltr'>sibi</span> <span class='ocrx_word' id='word_1_113' title='bbox 2478 2085 2797 2170; x_wconf 82' lang='lat' dir='ltr'>adjunctis</span> <span class='ocrx_word' id='word_1_114' title='bbox 2848 2085 2915 2149; x_wconf 88' lang='lat' dir='ltr'>in</span> <span class='ocrx_word' id='word_1_115' title='bbox 2966 2107 3063 2149; x_wconf 88' lang='lat' dir='ltr'>ar-</span> 
     </span>
     <span class='ocr_line' id='line_1_18' title="bbox 797 2175 3064 2261; baseline -0.001 -20"><span class='ocrx_word' id='word_1_116' title='bbox 797 2176 939 2242; x_wconf 85' lang='lat' dir='ltr'>duis</span> <span class='ocrx_word' id='word_1_117' title='bbox 973 2177 1358 2258; x_wconf 85' lang='lat' dir='ltr'>quibusdam</span> <span class='ocrx_word' id='word_1_118' title='bbox 1393 2178 1672 2261; x_wconf 84' lang='lat' dir='ltr'>negociis</span> <span class='ocrx_word' id='word_1_119' title='bbox 1705 2177 2139 2260; x_wconf 86' lang='lat' dir='ltr'>ablegandum</span> <span class='ocrx_word' id='word_1_120' title='bbox 2172 2177 2252 2242; x_wconf 89' lang='lat' dir='ltr'>ad</span> <span class='ocrx_word' id='word_1_121' title='bbox 2275 2175 2487 2243; x_wconf 70' lang='lat' dir='ltr'>Sei-‘⁰¹¹²</span> <span class='ocrx_word' id='word_1_122' title='bbox 2524 2176 2687 2244; x_wconf 71' lang='lat' dir='ltr'>V¹⁸¹¹²</span> <span class='ocrx_word' id='word_1_123' title='bbox 2718 2175 3064 2259; x_wconf 78' lang='lat' dir='ltr'>Inclytam-</span> 
     </span>
     <span class='ocr_line' id='line_1_19' title="bbox 795 2266 3063 2352; baseline -0.001 -21"><span class='ocrx_word' id='word_1_124' title='bbox 795 2289 920 2350; x_wconf 87' lang='lat' dir='ltr'>que</span> <span class='ocrx_word' id='word_1_125' title='bbox 953 2267 1200 2333; x_wconf 85' lang='lat' dir='ltr'>Earum</span> <span class='ocrx_word' id='word_1_126' title='bbox 1241 2268 1739 2352; x_wconf 87' lang='lat' dir='ltr'>Rempublicam</span> <span class='ocrx_word' id='word_1_127' title='bbox 1789 2290 2012 2332; x_wconf 88' lang='lat' dir='ltr'>rursus</span> <span class='ocrx_word' id='word_1_128' title='bbox 2062 2267 2503 2332; x_wconf 86' lang='lat' dir='ltr'>debuerimus:</span> <span class='ocrx_word' id='word_1_129' title='bbox 2538 2266 2830 2331; x_wconf 84' lang='lat' dir='ltr'>Eandem</span> <span class='ocrx_word' id='word_1_130' title='bbox 2880 2287 3063 2348; x_wconf 90' lang='lat' dir='ltr'>roga-</span> 
     </span>
     <span class='ocr_line' id='line_1_20' title="bbox 793 2357 3066 2440; baseline -0.001 -18"><span class='ocrx_word' id='word_1_131' title='bbox 793 2365 928 2422; x_wconf 87' lang='lat' dir='ltr'>tam</span> <span class='ocrx_word' id='word_1_132' title='bbox 961 2359 1272 2434; x_wconf 86' lang='lat' dir='ltr'>volumus,</span> <span class='ocrx_word' id='word_1_133' title='bbox 1293 2364 1368 2422; x_wconf 90' lang='lat' dir='ltr'>ut</span> <span class='ocrx_word' id='word_1_134' title='bbox 1403 2358 1715 2440; x_wconf 82' lang='lat' dir='ltr'>quidquid</span> <span class='ocrx_word' id='word_1_135' title='bbox 1736 2358 1993 2423; x_wconf 85' lang='lat' dir='ltr'>nomine</span> <span class='ocrx_word' id='word_1_136' title='bbox 2026 2364 2248 2423; x_wconf 91' lang='lat' dir='ltr'>nostro</span> <span class='ocrx_word' id='word_1_137' title='bbox 2281 2358 2346 2421; x_wconf 89' lang='lat' dir='ltr'>in</span> <span class='ocrx_word' id='word_1_138' title='bbox 2378 2357 2499 2422; x_wconf 89' lang='lat' dir='ltr'>sibi</span> <span class='ocrx_word' id='word_1_139' title='bbox 2522 2357 2875 2421; x_wconf 86' lang='lat' dir='ltr'>commissis</span> <span class='ocrx_word' id='word_1_140' title='bbox 2895 2363 3066 2420; x_wconf 88' lang='lat' dir='ltr'>retu-</span> 
     </span>
     <span class='ocr_line' id='line_1_21' title="bbox 795 2447 3065 2531; baseline -0.001 -19"><span class='ocrx_word' id='word_1_141' title='bbox 795 2449 962 2522; x_wconf 89' lang='lat' dir='ltr'>lerit,</span> <span class='ocrx_word' id='word_1_142' title='bbox 993 2448 1320 2513; x_wconf 88' lang='lat' dir='ltr'>indubiam</span> <span class='ocrx_word' id='word_1_143' title='bbox 1355 2449 1451 2514; x_wconf 90' lang='lat' dir='ltr'>illi</span> <span class='ocrx_word' id='word_1_144' title='bbox 1482 2449 1676 2513; x_wconf 89' lang='lat' dir='ltr'>fidem</span> <span class='ocrx_word' id='word_1_145' title='bbox 1725 2448 2031 2513; x_wconf 87' lang='lat' dir='ltr'>adhibere</span> <span class='ocrx_word' id='word_1_146' title='bbox 2092 2448 2257 2528; x_wconf 86' lang='lat' dir='ltr'>velit,</span> <span class='ocrx_word' id='word_1_147' title='bbox 2290 2454 2485 2531; x_wconf 86' lang='lat' dir='ltr'>atque</span> <span class='ocrx_word' id='word_1_148' title='bbox 2518 2448 2799 2531; x_wconf 88' lang='lat' dir='ltr'>insuper,</span> <span class='ocrx_word' id='word_1_149' title='bbox 2830 2447 2885 2511; x_wconf 89' lang='lat' dir='ltr'>si</span> <span class='ocrx_word' id='word_1_150' title='bbox 2936 2468 3065 2529; x_wconf 87' lang='lat' dir='ltr'>qua</span> 
     </span>
     <span class='ocr_line' id='line_1_22' title="bbox 795 2538 3060 2622; baseline -0 -21"><span class='ocrx_word' id='word_1_151' title='bbox 795 2539 862 2602; x_wconf 85' lang='lat' dir='ltr'>in</span> <span class='ocrx_word' id='word_1_152' title='bbox 895 2559 964 2604; x_wconf 90' lang='lat' dir='ltr'>re</span> <span class='ocrx_word' id='word_1_153' title='bbox 997 2538 1212 2603; x_wconf 77' lang='lat' dir='ltr'>favore</span> <span class='ocrx_word' id='word_1_154' title='bbox 1259 2561 1375 2603; x_wconf 87' lang='lat' dir='ltr'>suo</span> <span class='ocrx_word' id='word_1_155' title='bbox 1424 2561 1584 2622; x_wconf 89' lang='lat' dir='ltr'>opus</span> <span class='ocrx_word' id='word_1_156' title='bbox 1633 2538 1953 2614; x_wconf 89' lang='lat' dir='ltr'>habuerit,</span> <span class='ocrx_word' id='word_1_157' title='bbox 1984 2539 2157 2603; x_wconf 89' lang='lat' dir='ltr'>omni</span> <span class='ocrx_word' id='word_1_158' title='bbox 2208 2539 2448 2603; x_wconf 86' lang='lat' dir='ltr'>auxilio</span> <span class='ocrx_word' id='word_1_159' title='bbox 2498 2545 2563 2602; x_wconf 89' lang='lat' dir='ltr'>et</span> <span class='ocrx_word' id='word_1_160' title='bbox 2594 2559 2731 2620; x_wconf 89' lang='lat' dir='ltr'>ope,</span> <span class='ocrx_word' id='word_1_161' title='bbox 2762 2542 3060 2620; x_wconf 87' lang='lat' dir='ltr'>respectu</span> 
     </span>
     <span class='ocr_line' id='line_1_23' title="bbox 795 2628 3063 2713; baseline -0.001 -20"><span class='ocrx_word' id='word_1_162' title='bbox 795 2650 1108 2711; x_wconf 83' lang='lat' dir='ltr'>personae</span> <span class='ocrx_word' id='word_1_163' title='bbox 1135 2635 1412 2707; x_wconf 78' lang='lat' dir='ltr'>nostrae,</span> <span class='ocrx_word' id='word_1_164' title='bbox 1432 2630 1662 2695; x_wconf 88' lang='lat' dir='ltr'>Eidem</span> <span class='ocrx_word' id='word_1_165' title='bbox 1684 2628 1908 2694; x_wconf 85' lang='lat' dir='ltr'>adesse</span> <span class='ocrx_word' id='word_1_166' title='bbox 1929 2629 2248 2713; x_wconf 88' lang='lat' dir='ltr'>dignetur.</span> <span class='ocrx_word' id='word_1_167' title='bbox 2270 2629 2559 2695; x_wconf 82' lang='lat' dir='ltr'>Factura</span> <span class='ocrx_word' id='word_1_168' title='bbox 2584 2628 2686 2694; x_wconf 92' lang='lat' dir='ltr'>his</span> <span class='ocrx_word' id='word_1_169' title='bbox 2711 2650 2844 2693; x_wconf 90' lang='lat' dir='ltr'>rem</span> <span class='ocrx_word' id='word_1_170' title='bbox 2878 2633 3063 2692; x_wconf 86' lang='lat' dir='ltr'>tanto</span> 
     </span>
     <span class='ocr_line' id='line_1_24' title="bbox 795 2718 3062 2805; baseline -0.001 -22"><span class='ocrx_word' id='word_1_171' title='bbox 795 2720 1097 2801; x_wconf 82' lang='lat' dir='ltr'>Principe</span> <span class='ocrx_word' id='word_1_172' title='bbox 1161 2718 1711 2802; x_wconf 79' lang='lat' dir='ltr'>Serenissimaque</span> <span class='ocrx_word' id='word_1_173' title='bbox 1762 2720 1876 2784; x_wconf 90' lang='lat' dir='ltr'>illa</span> <span class='ocrx_word' id='word_1_174' title='bbox 1929 2719 2290 2805; x_wconf 86' lang='lat' dir='ltr'>Republica</span> <span class='ocrx_word' id='word_1_175' title='bbox 2339 2720 2614 2783; x_wconf 84' lang='lat' dir='ltr'>maxime</span> <span class='ocrx_word' id='word_1_176' title='bbox 2666 2718 3062 2801; x_wconf 78' lang='lat' dir='ltr'>condignam,</span> 
     </span>
     <span class='ocr_line' id='line_1_25' title="bbox 797 2807 3064 2894; baseline 0 -23"><span class='ocrx_word' id='word_1_177' title='bbox 797 2809 1106 2890; x_wconf 79' lang='lat' dir='ltr'>nobi-sque</span> <span class='ocrx_word' id='word_1_178' title='bbox 1140 2810 1431 2877; x_wconf 89' lang='lat' dir='ltr'>omnibus</span> <span class='ocrx_word' id='word_1_179' title='bbox 1456 2810 1804 2894; x_wconf 85' lang='lat' dir='ltr'>gratissimi</span> <span class='ocrx_word' id='word_1_180' title='bbox 1828 2810 2025 2874; x_wconf 89' lang='lat' dir='ltr'>animi</span> <span class='ocrx_word' id='word_1_181' title='bbox 2048 2810 2273 2875; x_wconf 85' lang='lat' dir='ltr'>officiis</span> <span class='ocrx_word' id='word_1_182' title='bbox 2296 2809 2921 2893; x_wconf 86' lang='lat' dir='ltr'>recompensandam.</span> <span class='ocrx_word' id='word_1_183' title='bbox 2942 2807 3064 2873; x_wconf 84' lang='lat' dir='ltr'>Oui</span> 
     </span>
     <span class='ocr_line' id='line_1_26' title="bbox 798 2898 3065 2981; baseline 0 -20"><span class='ocrx_word' id='word_1_184' title='bbox 798 2898 876 2962; x_wconf 87' lang='lat' dir='ltr'>de.</span> <span class='ocrx_word' id='word_1_185' title='bbox 924 2898 1174 2981; x_wconf 87' lang='lat' dir='ltr'>reliquo</span> <span class='ocrx_word' id='word_1_186' title='bbox 1211 2899 1467 2965; x_wconf 85' lang='lat' dir='ltr'>foeliees</span> <span class='ocrx_word' id='word_1_187' title='bbox 1515 2920 1728 2965; x_wconf 88' lang='lat' dir='ltr'>rerum</span> <span class='ocrx_word' id='word_1_188' title='bbox 1764 2922 2093 2967; x_wconf 86' lang='lat' dir='ltr'>successus</span> <span class='ocrx_word' id='word_1_189' title='bbox 2145 2906 2209 2965; x_wconf 89' lang='lat' dir='ltr'>et</span> <span class='ocrx_word' id='word_1_190' title='bbox 2257 2921 2509 2964; x_wconf 86' lang='lat' dir='ltr'>omnem</span> <span class='ocrx_word' id='word_1_191' title='bbox 2558 2898 3065 2964; x_wconf 84' lang='lat' dir='ltr'>incolumitatem</span> 
     </span>
     <span class='ocr_line' id='line_1_27' title="bbox 800 2988 3063 3072; baseline 0 -21"><span class='ocrx_word' id='word_1_192' title='bbox 800 3009 1298 3072; x_wconf 80' lang='lat' dir='ltr'>comprecamur.</span> <span class='ocrx_word' id='word_1_193' title='bbox 1330 2990 1581 3056; x_wconf 89' lang='lat' dir='ltr'>Datum</span> <span class='ocrx_word' id='word_1_194' title='bbox 1614 2992 1680 3056; x_wconf 90' lang='lat' dir='ltr'>in</span> <span class='ocrx_word' id='word_1_195' title='bbox 1746 2990 2025 3056; x_wconf 85' lang='lat' dir='ltr'>Civitate</span> <span class='ocrx_word' id='word_1_196' title='bbox 2074 2997 2295 3057; x_wconf 88' lang='lat' dir='ltr'>nostra</span> <span class='ocrx_word' id='word_1_197' title='bbox 2344 2988 2525 3055; x_wconf 90' lang='lat' dir='ltr'>Alba</span> <span class='ocrx_word' id='word_1_198' title='bbox 2572 2989 2622 3053; x_wconf 82' lang='lat' dir='ltr'>J</span> <span class='ocrx_word' id='word_1_199' title='bbox 2627 2989 2760 3053; x_wconf 90' lang='lat' dir='ltr'>ulia</span> <span class='ocrx_word' id='word_1_200' title='bbox 2808 2989 2911 3053; x_wconf 88' lang='lat' dir='ltr'>die</span> <span class='ocrx_word' id='word_1_201' title='bbox 2962 2994 3063 3053; x_wconf 81' lang='lat'>27.</span> 
     </span>
     <span class='ocr_line' id='line_1_28' title="bbox 804 3079 1967 3145; baseline 0.002 -2"><span class='ocrx_word' id='word_1_202' title='bbox 804 3080 1040 3144; x_wconf 81' lang='lat' dir='ltr'>mensis</span> <span class='ocrx_word' id='word_1_203' title='bbox 1071 3079 1238 3144; x_wconf 74' lang='lat' dir='ltr'>Julii</span> <span class='ocrx_word' id='word_1_204' title='bbox 1272 3103 1439 3145; x_wconf 87' lang='lat' dir='ltr'>anno</span> <span class='ocrx_word' id='word_1_205' title='bbox 1471 3080 1739 3145; x_wconf 89' lang='lat' dir='ltr'>Domini</span> <span class='ocrx_word' id='word_1_206' title='bbox 1779 3086 1967 3145; x_wconf 82' lang='lat'>1623.</span> 
     </span>
    </p>

    <p class='ocr_par' dir='ltr' id='par_1_4' title="bbox 1012 3169 1744 3254">
     <span class='ocr_line' id='line_1_29' title="bbox 1012 3169 1744 3254; baseline 0 -19"><span class='ocrx_word' id='word_1_207' title='bbox 1012 3169 1322 3254; x_wconf 82' lang='lat' dir='ltr'>Ejusdem</span> <span class='ocrx_word' id='word_1_208' title='bbox 1357 3170 1538 3237; x_wconf 55' lang='lat' dir='ltr'>serm*</span> <span class='ocrx_word' id='word_1_209' title='bbox 1579 3172 1744 3239; x_wconf 57' lang='lat' dir='ltr'>Vm.</span> 
     </span>
    </p>

    <p class='ocr_par' dir='ltr' id='par_1_5' title="bbox 2284 3256 2975 3326">
     <span class='ocr_line' id='line_1_30' title="bbox 2284 3256 2975 3326; baseline -0.01 0"><span class='ocrx_word' id='word_1_210' title='bbox 2284 3259 2647 3326; x_wconf 86' lang='lat' dir='ltr'>Benevolus</span> <span class='ocrx_word' id='word_1_211' title='bbox 2687 3256 2975 3324; x_wconf 72' lang='lat' dir='ltr'>Gabriel.</span> 
     </span>
    </p>
   </div>
   <div class='ocr_carea' id='block_1_4' title="bbox 1573 3534 2291 3905">
    <p class='ocr_par' dir='ltr' id='par_1_6' title="bbox 1573 3534 2291 3905">
     <span class='ocr_line' id='line_1_31' title="bbox 1869 3534 1999 3597; baseline 0 -1"><span class='ocrx_word' id='word_1_212' title='bbox 1869 3534 1999 3597; x_wconf 82' lang='lat' dir='ltr'>IX.</span> 
     </span>
     <span class='ocr_line' id='line_1_32' title="bbox 1667 3676 2201 3759; baseline 0 -21"><span class='ocrx_word' id='word_1_213' title='bbox 1667 3676 2201 3759; x_wconf 71' lang='lat' dir='ltr'>1624.jal.2s.</span> 
     </span>
     <span class='ocr_line' id='line_1_33' title="bbox 1573 3818 2291 3905; baseline -0.001 -24"><span class='ocrx_word' id='word_1_214' title='bbox 1573 3818 1624 3881; x_wconf 57' lang='lat' dir='ltr'>sl</span> <span class='ocrx_word' id='word_1_215' title='bbox 1665 3820 1965 3883; x_wconf 73' lang='lat' dir='ltr'>velenczei</span> <span class='ocrx_word' id='word_1_216' title='bbox 1994 3820 2291 3905; x_wconf 58' lang='grc' dir='ltr'>(ῖόῃέηαῖε.</span> 
     </span>
    </p>
   </div>
   <div class='ocr_carea' id='block_1_5' title="bbox 799 3978 3066 4519">
    <p class='ocr_par' dir='ltr' id='par_1_7' title="bbox 1015 3978 1636 4045">
     <span class='ocr_line' id='line_1_34' title="bbox 1015 3978 1636 4045; baseline -0.003 0"><span class='ocrx_word' id='word_1_217' title='bbox 1015 3978 1435 4045; x_wconf 74' lang='lat' dir='ltr'>Serenissime</span> <span class='ocrx_word' id='word_1_218' title='bbox 1467 3982 1636 4045; x_wconf 84' lang='lat' dir='ltr'>Dux.</span> 
     </span>
    </p>

    <p class='ocr_par' dir='ltr' id='par_1_8' title="bbox 799 4068 3066 4519">
     <span class='ocr_line' id='line_1_35' title="bbox 1013 4068 3064 4155; baseline -0.002 -20"><span class='ocrx_word' id='word_1_219' title='bbox 1013 4072 1424 4136; x_wconf 86' lang='lat' dir='ltr'>Internuntio</span> <span class='ocrx_word' id='word_1_220' title='bbox 1458 4078 1672 4135; x_wconf 86' lang='lat' dir='ltr'>nostro</span> <span class='ocrx_word' id='word_1_221' title='bbox 1711 4070 2042 4155; x_wconf 86' lang='lat' dir='ltr'>Stephano</span> <span class='ocrx_word' id='word_1_222' title='bbox 2075 4072 2381 4149; x_wconf 86' lang='lat' dir='ltr'>Hatvani‚</span> <span class='ocrx_word' id='word_1_223' title='bbox 2419 4070 2712 4139; x_wconf 83' lang='lat' dir='ltr'>Venetiis</span> <span class='ocrx_word' id='word_1_224' title='bbox 2744 4068 3064 4147; x_wconf 73' lang='lat' dir='ltr'>redeunte,</span> 
     </span>
     <span class='ocr_line' id='line_1_36' title="bbox 799 4158 3065 4245; baseline -0 -23"><span class='ocrx_word' id='word_1_225' title='bbox 799 4158 1150 4243; x_wconf 80' lang='lat' dir='ltr'>literasque</span> <span class='ocrx_word' id='word_1_226' title='bbox 1214 4160 1628 4226; x_wconf 81' lang='lat' dir='ltr'>Celsitudinis</span> <span class='ocrx_word' id='word_1_227' title='bbox 1667 4161 1811 4227; x_wconf 69' lang='lat' dir='ltr'>Vrae</span> <span class='ocrx_word' id='word_1_228' title='bbox 1862 4162 2187 4239; x_wconf 83' lang='lat' dir='ltr'>reddente,</span> <span class='ocrx_word' id='word_1_229' title='bbox 2238 4185 2378 4228; x_wconf 89' lang='lat' dir='ltr'>cum</span> <span class='ocrx_word' id='word_1_230' title='bbox 2431 4163 2689 4244; x_wconf 85' lang='lat' dir='ltr'>quantis</span> <span class='ocrx_word' id='word_1_231' title='bbox 2723 4159 3065 4245; x_wconf 84' lang='lat' dir='ltr'>syncerita-</span> 
     </span>
     <span class='ocr_line' id='line_1_37' title="bbox 803 4249 3066 4335; baseline 0 -24"><span class='ocrx_word' id='word_1_232' title='bbox 803 4249 886 4313; x_wconf 88' lang='lat' dir='ltr'>tis</span> <span class='ocrx_word' id='word_1_233' title='bbox 920 4250 1144 4315; x_wconf 79' lang='lat' dir='ltr'>officiis</span> <span class='ocrx_word' id='word_1_234' title='bbox 1183 4251 1385 4315; x_wconf 88' lang='lat' dir='ltr'>nostri</span> <span class='ocrx_word' id='word_1_235' title='bbox 1417 4252 1828 4329; x_wconf 74' lang='lat' dir='ltr'>meminisset,</span> <span class='ocrx_word' id='word_1_236' title='bbox 1860 4253 2130 4316; x_wconf 87' lang='lat' dir='ltr'>eundem</span> <span class='ocrx_word' id='word_1_237' title='bbox 2178 4253 2548 4335; x_wconf 83' lang='lat' dir='ltr'>excepisset,</span> <span class='ocrx_word' id='word_1_238' title='bbox 2582 4252 2897 4334; x_wconf 80' lang='lat' dir='ltr'>rebusque</span> <span class='ocrx_word' id='word_1_239' title='bbox 2961 4270 3066 4311; x_wconf 92' lang='lat' dir='ltr'>no-</span> 
     </span>
     <span class='ocr_line' id='line_1_38' title="bbox 803 4339 3064 4425; baseline 0 -25"><span class='ocrx_word' id='word_1_240' title='bbox 803 4340 952 4403; x_wconf 85' lang='lat' dir='ltr'>stris</span> <span class='ocrx_word' id='word_1_241' title='bbox 974 4342 1303 4425; x_wconf 84' lang='lat' dir='ltr'>suppetias</span> <span class='ocrx_word' id='word_1_242' title='bbox 1331 4341 1600 4421; x_wconf 83' lang='lat' dir='ltr'>tulisset,</span> <span class='ocrx_word' id='word_1_243' title='bbox 1621 4348 2199 4419; x_wconf 82' lang='lat' dir='ltr'>commemorasset,</span> <span class='ocrx_word' id='word_1_244' title='bbox 2220 4364 2345 4407; x_wconf 90' lang='lat' dir='ltr'>non</span> <span class='ocrx_word' id='word_1_245' title='bbox 2369 4342 2573 4407; x_wconf 88' lang='lat' dir='ltr'>solum</span> <span class='ocrx_word' id='word_1_246' title='bbox 2597 4364 2847 4406; x_wconf 86' lang='lat' dir='ltr'>summa</span> <span class='ocrx_word' id='word_1_247' title='bbox 2868 4339 3064 4405; x_wconf 88' lang='lat' dir='ltr'>animi</span> 
     </span>
     <span class='ocr_line' id='line_1_39' title="bbox 803 4430 3065 4519; baseline -0 -25"><span class='ocrx_word' id='word_1_248' title='bbox 803 4430 1142 4497; x_wconf 85' lang='lat' dir='ltr'>alacritate</span> <span class='ocrx_word' id='word_1_249' title='bbox 1175 4432 1552 4517; x_wconf 78' lang='lat' dir='ltr'>accepimus,</span> <span class='ocrx_word' id='word_1_250' title='bbox 1587 4454 1807 4497; x_wconf 81' lang='lat' dir='ltr'>verum</span> <span class='ocrx_word' id='word_1_251' title='bbox 1848 4434 2039 4497; x_wconf 84' lang='lat' dir='ltr'>etiam</span> <span class='ocrx_word' id='word_1_252' title='bbox 2082 4433 2393 4517; x_wconf 85' lang='lat' dir='ltr'>singulari</span> <span class='ocrx_word' id='word_1_253' title='bbox 2444 4432 2952 4519; x_wconf 87' lang='lat' dir='ltr'>promptitudine</span> <span class='ocrx_word' id='word_1_254' title='bbox 2999 4430 3065 4493; x_wconf 89' lang='lat' dir='ltr'>in</span> 
     </span>
    </p>
   </div>
   <div class='ocr_carea' id='block_1_6' title="bbox 3450 651 3453 1232">
    <p class='ocr_par' dir='ltr' id='par_1_9' title="bbox 3450 651 3453 1232">
     <span class='ocr_line' id='line_1_40' title="bbox 3450 651 3453 1232; baseline 0 0"><span class='ocrx_word' id='word_1_255' title='bbox 3450 651 3453 1232; x_wconf 95' lang='lat' dir='ltr'> </span> 
     </span>
    </p>
   </div>
   <div class='ocr_carea' id='block_1_7' title="bbox 3445 1381 3458 5262">
    <p class='ocr_par' dir='ltr' id='par_1_10' title="bbox 3445 1381 3458 5262">
     <span class='ocr_line' id='line_1_41' title="bbox 3445 1381 3458 5262; baseline 0 0"><span class='ocrx_word' id='word_1_256' title='bbox 3445 1381 3458 5262; x_wconf 95' lang='lat' dir='ltr'> </span> 
     </span>
    </p>
   </div>
  </div>
 </body>
</html>
