3459 5300
1128 298 1315 354 1625.
1339 304 1605 353 undatim
1638 306 2000 354 ‚innexi-fastu.
2576 302 2692 353 199

427 472 741 539 Bohemia
800 472 1137 538 Friderico
1198 474 1367 556 Regi
1426 472 1717 556 subjecta
1781 479 1966 546 esset,
2017 472 2355 557 Principes
2417 474 2690 556 Imperii

428 565 665 629 viribus
696 564 1034 648 pollerent,
1066 562 1379 629 Austriae
1402 571 1613 630 status
1646 586 1830 629 arma
1862 565 2238 647 coepissent,
2261 586 2336 630 ac
2357 562 2692 629 Celsitudo

428 654 559 720 Sua
586 661 805 719 totum
854 655 1188 738 Ungariae
1240 655 1557 739 Regnum,
1607 655 1763 719 solis
1795 654 2092 720 Komora
2129 661 2194 719 et
2239 655 2558 721 Javarino
2589 676 2692 719 ex-

428 746 623 829 ceptis
674 767 819 811 cum
872 748 1013 829 ipsa
1076 742 1332 810 Corona
1380 748 1448 811 in
1499 750 1890 831 potestatem
1952 745 2308 827 redegerat,
2359 746 2470 811 ubi
2521 752 2696 811 certe

425 836 588 900 tanti
639 835 791 901 belli
861 836 1218 901 sustinendi
1264 837 1517 901 aemuli
1575 857 1691 900 nee
1755 836 2129 921 Hispanum
2191 857 2306 901 nec
2369 837 2692 901 Polonum

424 925 805 991 suffecturos
837 926 1035 991 fuisse
1064 947 1450 1011 persuasum
1478 924 1736 1003 habeat,
1768 927 1912 993 Deo
1931 932 2150 990 tamen
2183 928 2426 1009 gratias
2459 926 2690 991 arden-

424 1016 689 1081 tissimis
722 1015 1019 1100 precibus
1071 1017 1372 1099 agendas,
1423 1016 1595 1101 quod
1649 1038 1725 1080 ex
1779 1017 1965 1082 fatali
1997 1018 2361 1081 animorum
2394 1018 2692 1101 conjunc·

425 1107 594 1171 tione
626 1108 825 1171 etiam
876 1129 1029 1172 num
1062 1127 1207 1192 spes
1248 1106 1574 1189 affulgeat,
1624 1127 1812 1191 posse
1845 1128 2227 1172 concussum
2261 1105 2688 1173 universalem

422 1202 660 1262 statum
711 1198 779 1261 in
829 1198 1119 1262 ordinem
1182 1197 1409 1281 redigi,
1461 1198 1806 1279 omniaque
1855 1198 1938 1263 ad
1985 1198 2301 1279 pristinae
2350 1196 2686 1281 dignitatis

420 1288 691 1369 gradum
726 1289 1031 1369 revocari,
1063 1289 1117 1351 si
1149 1293 1247 1353 tot
1278 1288 1501 1372 inclyti
1534 1289 1748 1371 Reges
1781 1310 1933 1353 vera
1963 1288 2236 1353 unitatis
2268 1286 2484 1352 studio
2515 1294 2688 1353 tene-

418 1385 611 1442 antur
642 1383 711 1443 et
738 1378 1062 1444 damnatis
1094 1400 1421 1444 morarum
1449 1382 1679 1455 causis,
1712 1378 1958 1443 consilii
1993 1377 2324 1443 celeritate
2357 1385 2422 1442 et
2453 1376 2686 1444 effectu

417 1467 599 1533 fessis
632 1468 827 1533 rebus
866 1490 1053 1551 opem
1103 1468 1333 1534 ferant.
1386 1468 1537 1552 Qua
1574 1476 1838 1553 propter
1871 1490 2016 1533 cum
2071 1466 2406 1533 Celsitudo
2439 1468 2578 1535 Sua
2609 1491 2686 1534 ex

416 1558 745 1625 declarata
780 1558 1113 1625 voluntate
1147 1560 1541 1625 sufficienter
1594 1564 1940 1643 cognoscat
1989 1558 2264 1641 Regiam
2301 1558 2513 1625 Seram
2551 1559 2686 1625 zelo

416 1656 479 1713 et
530 1648 763 1715 ardore
813 1671 971 1733 erga
1024 1652 1327 1715 miseram
1392 1649 1832 1732 afflictamque
1895 1650 2206 1731 Remp⁰⁸¹¹¹
2246 1650 2416 1715 inter
2465 1671 2685 1715 omnes

416 1738 699 1823 palmam
746 1738 1053 1819 obtinere,
1104 1762 1505 1824 summopere
1557 1740 2028 1806 neccessarium
2061 1761 2218 1817 esse,
2252 1745 2326 1803 ut
2357 1740 2678 1805 heroicam

417 1830 555 1912 ejus
587 1831 1011 1895 intentionem
1044 1836 1345 1895 accurate
1396 1830 1758 1915 perpendat
1809 1838 1874 1895 et
1923 1831 2176 1895 excelsa
2214 1829 2483 1895 consilia
2515 1852 2685 1913 quae

414 1941 529 2002 per
585 1920 1081 1987 Internuncium
1142 1922 1615 1986 communicare
1662 1920 1880 2001 voluit,
1943 1920 2290 2003 diligenter
2355 1921 2683 2003 ponderet.

412 2008 685 2075 Minime
718 2017 939 2077 autem
970 2012 1273 2077 dubitare
1308 2014 1463 2095 quin
1499 2012 1710 2094 Regia
1746 2012 2076 2077 Serenitas
2111 2032 2279 2099 quae
2312 2012 2486 2075 domi
2517 2011 2682 2077 mili-

414 2108 604 2184 teque
664 2102 1027 2167 clarissima
1076 2108 1140 2166 et
1190 2105 1405 2167 omnia
1468 2102 1703 2167 summi
1763 2102 1944 2167 ducis
2013 2108 2210 2184 atque
2267 2103 2680 2185 imperatoris

412 2188 725 2275 requisita
744 2192 1001 2273 habeat,
1035 2212 1153 2275 pro
1177 2192 1491 2275 singulari
1525 2192 1874 2275 prudentia
1907 2190 2044 2257 Sua
2075 2192 2418 2256 maturime
2449 2198 2682 2257 cuncta

412 2282 851 2362 considerarit,
893 2290 958 2347 et
977 2282 1055 2347 de
1078 2281 1265 2348 modo
1298 2282 1561 2365 gerendi
1602 2282 1756 2347 belli
1788 2285 1882 2347 ita
1903 2288 2079 2346 certa
2100 2284 2202 2359 sit,
2242 2288 2315 2347 ut
2347 2283 2678 2347 occasione

411 2376 474 2434 et
506 2376 681 2437 statu
723 2373 1260 2455 commodumque
1294 2381 1358 2438 et
1394 2372 1571 2438 factu
1604 2393 1731 2437 non
1765 2372 2024 2439 difficile
2075 2372 2370 2438 futurum
2419 2373 2678 2438 omnino

408 2461 739 2543 videatur3
774 2463 945 2527 unde
978 2463 1196 2528 forsan
1231 2461 1487 2528 Celsum
1522 2463 1724 2530 Suam
1759 2486 1886 2529 non
1918 2462 2144 2527 deceat
2174 2464 2500 2545 incognito
2533 2484 2677 2547 pro-

408 2552 763 2617 vinciarum
797 2554 925 2618 situ
959 2553 1119 2619 haec
1154 2553 1347 2619 altius
1370 2556 1780 2636 examinare3
1815 2554 1970 2637 quia
2001 2560 2217 2618 tamen
2251 2554 2462 2637 Regia
2492 2552 2677 2621 Sere·

408 2643 575 2708 nitas
620 2644 827 2726 ipsius
876 2651 1070 2710 tenue
1115 2644 1433 2728 judicium
1488 2646 1813 2728 requirat3
1865 2644 2246 2728 simpliciter
2295 2642 2565 2710 candide
2598 2667 2674 2712 ac

408 2755 665 2817 syncere
718 2736 1103 2800 sententiam
1139 2736 1342 2801 Suam
1376 2737 1735 2819 exprimere
1768 2735 2192 2801 constituisse.
2250 2735 2401 2800 Duo
2453 2742 2672 2800 autem

407 2825 674 2907 reperiri
722 2825 805 2889 ad
858 2846 1025 2908 quae
1058 2827 1270 2909 Regia
1302 2826 1492 2892 Ser‘u
1522 2828 1928 2910 potissimum
1976 2825 2304 2890 collimare
2342 2825 2672 2906 videatur3

410 2936 631 2997 nempe
682 2915 895 2998 Regni
948 2917 1049 2980 sui
1097 2915 1371 2981 firmitas
1404 2923 1469 2981 et
1500 2937 1699 2981 causa
1743 2916 2114 2981 communis
2162 2917 2460 2981 Primum
2499 2917 2672 2998 quod

407 3005 637 3070 attinet
672 3003 893 3070 Celsen
932 3005 1055 3072 S⁸¹¹¹
1094 3027 1328 3089 magno
1360 3003 1593 3072 affectu
1618 3005 1937 3090 gratulari
1970 3007 2246 3088 Regiam
2281 3007 2492 3071 Sei-‘⁰¹¹²
2523 3006 2672 3072 hac-

406 3101 588 3160 tenus
620 3116 807 3160 arma
854 3101 1042 3161 tanta
1078 3097 1441 3179 prudentia,
1492 3119 1790 3162 successu
1833 3102 1897 3160 et
1925 3096 2236 3162 felicitate
2275 3097 2561 3179 gessisse,
2596 3103 2672 3162 ut

406 3185 907 3250 haereditarium
942 3187 1241 3270 Regmun
1263 3186 1345 3251 ab
1364 3187 1848 3252 imminentibus
1881 3187 2185 3269 periculis
2207 3193 2423 3251 tutum
2445 3186 2669 3252 redde·

406 3281 503 3342 ret
532 3277 599 3341 in
632 3297 783 3341 suos
816 3276 1123 3342 dilatasse
1156 3276 1439 3360 bellique
1474 3278 1687 3342 sedem
1720 3279 1788 3342 in
1819 3278 2052 3342 hostile
2073 3277 2282 3342 solum
2313 3277 2668 3342 transferre

406 3386 479 3429 ex
497 3372 642 3430 voto
662 3368 947 3449 potuerit
968 3391 983 3447 3
1004 3367 1244 3450 quippe
1264 3367 1575 3433 Livoniae
1590 3369 1725 3450 jam
1747 3367 2148 3432 munimenta
2166 3366 2463 3432 fidelibus
2486 3389 2669 3451 prae-

406 3455 577 3522 sidiis
598 3455 861 3522 firmata
880 3457 1155 3541 aliisque
1190 3457 1381 3522 rebus
1414 3459 1791 3523 necessariis
1811 3460 2132 3523 instructa
2151 3465 2216 3521 et
2236 3460 2502 3541 propria
2529 3480 2666 3524 esse

407 3544 847 3612 Atibirzarum
910 3548 1329 3631 occupatione
1380 3569 1507 3612 non
1568 3548 1978 3614 mediocriter
2039 3549 2418 3613 consultum.
2476 3549 2666 3614 Unde

404 3657 541 3701 cum
580 3639 779 3702 etiam
808 3637 893 3702 ab
924 3638 1005 3702 iis
1032 3638 1329 3722 partibus
1364 3659 1531 3721 quae
1564 3640 1819 3704 Daniae
1853 3639 2020 3722 Regi
2055 3645 2119 3703 et
2157 3641 2664 3704 Moscovitarum

403 3725 568 3792 Duci
600 3729 846 3796 vicinae
878 3749 955 3793 ac
989 3729 1425 3793 conterminae
1458 3734 1626 3806 sunt,
1660 3729 1878 3794 omnia
1909 3735 2144 3812 pacata
2173 3728 2431 3809 habeat,
2463 3731 2663 3795 Suam

406 3815 655 3882 Celsum
708 3818 829 3883 sibi
880 3819 1173 3900 polliceri
1222 3840 1263 3883 a
1312 3819 1520 3902 Regia
1570 3819 1938 3884 Serenitate
1987 3841 2106 3902 pro
2146 3823 2466 3886 communi
2499 3820 2664 3886 bono

402 3909 865 3990 expeditionem
916 3929 1169 3973 summa
1218 3931 1365 3974 cum
1417 3909 1758 3976 alacritate
1797 3917 2170 3993 susceptum
2201 3910 2303 3988 iri,
2355 3914 2660 3994 quoniam

403 4005 613 4063 autem
632 3999 1108 4063 animadvertat
1139 4021 1216 4063 ex
1248 4000 1545 4064 instituto
1580 4001 1828 4084 Regiae
1863 4001 2246 4066 Serenitatis
2280 4002 2660 4067 Borussiam

404 4087 687 4170 inprimis
706 4139 945 4154 ......
992 4088 1303 4154 Poloniae
1334 4091 1635 4172 Regnum
1670 4092 1868 4156 armis
1897 4091 2372 4174 penetrandum
2405 4091 2662 4157 Oels¹¹⁰¹¹¹

405 4175 593 4242 Suam
629 4185 953 4259 statuere3
986 4181 1158 4261 quod
1188 4179 1307 4244 hoc
1340 4180 1483 4245 loeo
1514 4202 1674 4245 ausa
1707 4181 2022 4263 aequitas,
2054 4184 2222 4245 vires
2261 4183 2482 4262 hostis,
2515 4205 2660 4268 pro·

403 4266 748 4334 vinciamin
803 4269 969 4334 situs
1002 4276 1067 4334 et
1098 4271 1239 4354 ipsa
1289 4271 1381 4334 rei
1434 4272 1752 4354 gerendae
1802 4273 1968 4336 ratio
2019 4272 2482 4338 consideranda
2513 4276 2663 4352 sint,

402 4377 473 4420 ex
504 4359 737 4442 quibus
770 4359 903 4424 alia
951 4368 1275 4426 momenta
1323 4362 1760 4444 dependeant.
1792 4413 1804 4426 .
1837 4414 1850 4426 .
1881 4411 1926 4440 .,
1975 4368 2040 4427 et
2072 4365 2570 4428 controversiam
2605 4367 2658 4428 si

400 4449 717 4515 intueatur
765 4471 1081 4534 apparere
1143 4451 1452 4516 Poloniae
1502 4453 1748 4537 Regem
1811 4453 2208 4518 hareditario
2270 4475 2346 4518 ac
2406 4456 2658 4539 privato
