3459 5300
816 364 833 417 l
858 362 933 417 74
1137 362 1319 416 'lo-25.
1342 368 1955 421 'ramiesnarinozxrom
1993 371 2190 415 κῦνετι
2222 366 2744 415 Βιὸτειυιιεκτιὶεεκ.
2774 426 2785 431 -

809 536 999 599 finem
1034 534 1365 599 subornati
1398 540 1548 598 sunt
1594 533 1675 597 ab
1708 534 2111 615 Imperatore
2147 533 2474 597 Nomii-sch
2512 540 2576 595 et
2611 533 2830 595 varoli
2863 530 3074 596 Mihal

810 624 920 707 qui
954 624 1292 689 Bethlemo
1326 625 1663 707 sequentia
1695 624 2083 706 persuadere
2117 623 2552 688 conabantur:

1026 716 1353 779 Primum:
1387 714 1481 780 Ut
1515 713 1923 797 disciplinam
1953 714 2301 779 militarem
2350 713 2727 778 Bethlemus
2777 712 2860 777 ad
2911 713 3076 776 anti-

812 826 972 887 quas
1035 805 1393 869 severitatis
1456 804 1665 887 L'eges
1730 802 2133 884 emendaret3
2183 826 2256 867 ac.
2321 804 2635 886 imprimis
2684 803 3076 887 Haydonum

811 894 1160 959 liberorum
1192 893 1519 959 licentiam
1570 900 1914 971 (obiceret,
1965 916 2171 977 neque
2221 915 2387 958 vana
2437 894 2918 977 privilegiorum
2967 914 3078 955 no-

812 986 987 1049 mina
1066 986 1429 1069 respiceret.
1511 982 1843 1048 Secundo:
1925 984 2020 1049 Ut
2087 985 2154 1048 in
2219 983 2688 1067 Transylvania
2750 982 3078 1049 Saxonum

811 1074 1168 1158 potentiam
1218 1074 1669 1157 confringeret,
1733 1096 1910 1138 arces
1968 1074 2248 1139 munitas
2311 1080 2673 1158 occuparet,
2735 1073 3082 1155 vectigalia

813 1166 1027 1229 omnia
1088 1165 1209 1229 levi
1260 1166 1467 1248 pretio
1532 1164 1614 1227 ad
1676 1185 1744 1227 se
1807 1166 2164 1229 attraheret
2197 1171 2290 1228 -et
2348 1164 2592 1228 incolas
2653 1162 3078 1246 praesidiario

812 1255 1015 1320 milite
1084 1262 1359 1320 vexaret.
1430 1254 1684 1320 Tertio:
1753 1253 1849 1319 Ut
1915 1256 1982 1318 in
2047 1256 2374 1337 superiore
2425 1254 2718 1337 Ungaria
2770 1252 3080 1318 benefic-ia

813 1347 1030 1410 omnia
1062 1347 1127 1410 in
1162 1345 1545 1428 quibusdam
1577 1343 2014 1409 Comitatibus
2061 1344 2143 1410 ab
2193 1344 2718 1428 Imperator-ibus,
2764 1343 3082 1427 Dynastis

813 1442 1127 1519 tanquam
1159 1436 1447 1519 praemia
1488 1437 1800 1499 virtutum
1852 1430 1915 1499 et
1964 1434 2204 1499 laboris
2254 1433 2524 1512 indulta,
2571 1434 2693 1499 levi
2743 1435 2952 1519 pretio
3003 1433 3083 1496 iis

816 1525 983 1608 dato,
1017 1532 1361 1590 revocaret.
1395 1524 1503 1590 Sic
1536 1532 1750 1589 motus
1789 1526 1921 1590 fore
1972 1526 2184 1589 civiles
2218 1525 2659 1612 arbitrabatur
2697 1525 3085 1607 Imperator.

817 1638 982 1697 quae
1022 1617 1237 1679 omnia
1270 1616 1561 1697 quamvis
1594 1617 1760 1680 serio
1811 1637 2004 1698 agere
2059 1615 2214 1681 velle
2266 1616 2607 1691 videretur,
2640 1615 2957 1691 Bethlem,
2989 1614 3084 1677 ita

818 1714 889 1770 ut
955 1707 1141 1771 multi
1210 1706 1561 1790 Haydones
1625 1726 1743 1787 pro
1803 1705 2110 1769 libertate
2161 1728 2278 1771 sua
2327 1705 2413 1770 ad
2462 1727 2644 1770 arma
2693 1705 3086 1769 devenerint.

818 1794 1107 1862 Saxones
1137 1803 1462 1861 tormenta
1492 1796 1927 1878 disposuerint
1958 1802 2076 1861 etc.
2111 1802 2324 1861 tamen
2357 1796 2551 1879 paulo
2585 1802 2730 1879 post
2769 1794 3087 1877 singulari

818 1886 1135 1970 sapientia
1170 1887 1414 1950 animos
1449 1892 1650 1951 motos
1684 1886 1948 1967 sedavit,
1982 1894 2046 1949 et
2079 1886 2309 1950 callide
2341 1886 2514 1950 hosti
2546 1884 2770 1951 illusit.

1035 1976 1363 2041 Tertium:
1397 1974 1682 2041 Consilia
1714 1975 1907 2059 hujus
1940 1975 2154 2041 Aulae
2187 1977 2488 2059 precipue
2539 1982 2688 2041 sunt
2735 1981 2798 2040 et
2827 1996 3089 2039 versan-

817 2074 927 2131 tur
958 2067 1024 2130 in
1058 2066 1650 2143 (Jonfoederationa
1684 2066 1768 2129 ad
1802 2088 1995 2149 quam
2029 2067 2375 2132 ineundam
2425 2088 2570 2132 cum
2621 2066 3086 2149 plenipotentia

818 2157 1051 2221 missus
1102 2163 1199 2221 est
1229 2156 1548 2221 Dominus
1602 2156 1895 2222 Mathias
1947 2155 2184 2238 Quadt.
2235 2156 2612 2222 Bethlemus
2650 2156 2906 2221 interim
2941 2178 3088 2219 cum

818 2247 1204 2329 primoribus
1236 2247 1449 2330 Regni
1480 2243 1792 2311 Poloniae
1825 2248 2030 2312 ardua
2062 2246 2381 2329 quaedam
2429 2248 2688 2330 negotia
2737 2246 2803 2310 in
2843 2252 3090 2310 secreto

821 2343 1077 2402 tractat.
1130 2337 1360 2420 Nuper
1410 2337 1605 2401 etiam
1656 2336 1870 2401 emisit
1907 2337 1990 2401 ad
2021 2337 2333 2403 Tartaros
2367 2344 2430 2402 et
2464 2335 3088 2419 Constantinopolim

822 2428 1140 2509 Legatum
1162 2427 1441 2492 Paulum
1462 2426 2145 2493 B01·nemissam.Oum
2166 2428 2347 2509 Rege
2369 2426 2633 2493 Suetiae
2655 2449 2822 2491 nunc
2855 2426 3094 2508 agitur,

766 2573 778 2595 l
824 2526 895 2581 ut
927 2516 1227 2581 eximiam
1259 2518 1531 2581 militum
1567 2538 1830 2582 manum
1881 2519 1944 2581 in
1979 2516 2198 2601 Aprili
2248 2518 2316 2582 in
2359 2516 2678 2599 Silesiam,
2711 2538 2839 2600 quo
2892 2516 3088 2579 etiam

823 2606 1125 2672 Bethlem
1176 2628 1325 2672 suas
1378 2609 1541 2672 vires
1594 2615 1936 2688 convertet,
1989 2606 2226 2672 mittat.
2277 2607 2702 2673 Deliberatur
2763 2608 2960 2671 etiam
3013 2606 3136 2670 de-

824 2695 1254 2790 assecuran'do
1337 2704 1561 2764 contra
1622 2698 1934 2764 Austriae
2000 2699 2285 2763 Domum
2347 2706 2412 2763 et
2473 2697 2782 2762 Poloniae
2845 2698 3094 2780 Regem

823 2787 1124 2854 Electore
1154 2788 1753 2871 Brandenburgie‹·›.
1800 2791 1902 2854 De
1942 2789 2085 2854 aliis
2119 2789 2309 2853 rebus
2341 2789 2595 2872 plenius
2629 2786 3095 2852 deliberabitur

824 2880 891 2942 iu
954 2878 1215 2962 Nuptys
1278 2879 1824 2957 Berolinensibus‚
1877 2879 2107 2963 quibus
2171 2880 2450 2963 peractis
2515 2877 3098 2944 consultationibus

824 2968 1125 3034 Bethlem
1158 2969 1236 3032 de
1270 2991 1429 3033 novo
1464 2969 1709 3052 Regem
1761 2969 2093 3053 Ungariae
2145 2991 2279 3034 sese
2331 2968 2662 3034 declarare
2701 2967 3098 3050 titulareque

826 3066 889 3124 et
951 3059 1309 3142 insignibus
1372 3059 1585 3140 Regni
1646 3061 1761 3139 uti,
1821 3081 1898 3124 ac
1949 3060 2076 3124 dus
2139 3082 2326 3124 suum
2387 3065 2616 3142 ape-rto
2666 3058 2888 3122 Marte
2951 3079 3100 3140 pro-

829 3151 1011 3230 sequi
1044 3149 1196 3213 vult.
2057 3145 2062 3150 ¹

1042 3237 1397 3322 Quartum:
1447 3239 1621 3303 Belli
1671 3239 2106 3322 praeparatio,
2159 3261 2325 3322 quae
2378 3242 2669 3322 quamvis
2722 3262 2800 3302 ex
2839 3259 3104 3321 praece-

826 3328 1124 3394 dentibus
1158 3330 1454 3412 cognosci
1488 3330 1706 3412 possit,
1741 3336 1955 3393 tamen
1989 3330 2086 3394 vel
2121 3330 2265 3393 inde
2299 3335 2588 3412 apparet,
2623 3329 2793 3412 quod
2827 3337 3102 3412 paratus

830 3426 925 3483 cst
956 3418 1255 3483 Bethlem
1290 3441 1473 3483 arma
1505 3425 1731 3483 contra
1764 3419 2048 3484 Domum
2080 3418 2501 3484 Austriacam
2534 3422 2874 3502 corripere.
2927 3418 3104 3500 quod

831 3531 1033 3591 nuper
1084 3508 1709 3593 Constantinopolim
1758 3509 1935 3574 misit
1986 3514 2159 3574 8000
2213 3507 2700 3592 Οοι“οῐ13.ί;οι·ιιι·ι],
2753 3515 2926 3574 5000
2979 3511 3104 3574 Su-

830 3619 1049 3682 premo
1082 3599 1332 3680 Vesiro,
1366 3599 1618 3681 reliqua
1652 3601 1789 3682 ejus
1823 3600 2144 3683 adjunctis
2178 3600 2408 3678 danda,
2441 3600 2634 3682 idque
2687 3621 2800 3683 per
2849 3599 3106 3663 annihi-

828 3689 1133 3753 lationem
1188 3691 1360 3771 pacis
1412 3689 1817 3754 BudinensiS.
1867 3689 2122 3772 Urgent
2173 3691 2292 3753 hoc.
2323 3691 2466 3754 Rex
2499 3688 2758 3755 Galliae
2805 3709 2920 3772 per
2969 3689 3109 3752 Do-

834 3781 1077 3842 minum
1108 3779 1166 3842 d'
1188 3779 1491 3861 Epriard,
1522 3780 1667 3844 Rex
1698 3779 1955 3844 Daniae
1988 3801 2103 3862 per
2135 3780 2308 3843 D¹¹¹¹¹¹¹
2341 3779 2756 3862 Berbisdorff²
2787 3779 3106 3862 Equitem

830 3868 1206 3948 Bohenum3
1258 3869 1340 3932 ad
1388 3868 1452 3932 id
1503 3891 1784 3953 operam,
1834 3870 1999 3934 vires
2064 3876 2130 3934 et
2191 3869 2534 3935 facultates
2597 3891 2815 3934 omnes
2865 3868 3110 3934 obtulit

831 3959 1023 4023 vidua
1054 3958 1338 4023 defuncti
1370 3958 1639 4024 Comitis
1671 3959 1971 4024 Budiani.
2005 3959 2223 4044 Hujus
2273 3961 2366 4024 rei
2405 3983 2601 4026 causa
2633 3961 2810 4025 iussu
2841 3958 3107 4026 Sultani

832 4049 1079 4113 Bassae
1162 4049 1500 4128 BudensiS,
1579 4049 1996 4127 ErlaviensiS‚
2059 4049 2602 4116 Temesvariensis
2684 4057 2748 4114 et
2826 4049 3108 4115 aliorum

832 4138 1067 4222 Legati
1091 4138 1495 4205 Varadinum
1530 4139 1611 4203 ad
1631 4139 2044 4204 Bethlemum
2075 4147 2408 4222 venerunt,
2431 4148 2495 4205 et
2526 4139 2699 4224 quod
2731 4141 2863 4204 sint
2885 4141 3109 4224 ‚primo

832 4250 977 4292 vere
1011 4236 1235 4294 contra
1268 4228 1735 4295 haereditarias
1783 4229 2208 4312 Imperatoris
2241 4230 2522 4296 ditiones
2573 4229 2808 4296 bellum
2861 4233 3110 4296 moturi

832 4317 1293 4400 significarunt.
1329 4317 1726 4384 Conventum
1776 4326 1874 4384 est
1921 4321 2090 4384 inter
2124 4342 2248 4402 eos,
2282 4325 2356 4384 ut
2388 4320 2692 4385 Bethlem
2725 4319 2920 4386 Vires
2955 4343 3110 4390 suas

836 4409 913 4472 iis
964 4429 1085 4470 non
1142 4409 1539 4490 adjungeret,
1591 4431 1668 4472 nc
1718 4416 2063 4493 propterea
2113 4411 2352 4475 invidia
2401 4432 2622 4475 eorum
2670 4410 2860 4493 apud-
2893 4411 3112 4492 Reges

836 4497 1242 4563 Christianos
1293 4505 1629 4580 oneretur-3
1677 4501 1789 4563 sed
1841 4507 1913 4564 ut
1965 4499 2456 4564 Oomlnissarios
2519 4523 2667 4564 suos
2728 4503 2796 4566 in
2860 4514 3112 4570 sec-reto
