3459 5300
1079 341 1260 398 1626.
1304 347 1570 396 anesim
1601 349 1963 396 ”mxxii-:snm
2512 343 2547 396 2
2562 342 2636 397 13

376 623 750 709 Strassbary
780 623 1220 710 kapitdnynak
1266 622 1490 688 Thura
1522 622 1779 710 qrdfkoz
1804 623 2066 686 Bethlen
2090 623 2307 689 Gdbor
2343 625 2639 711 meqbiza'-

1159 729 1338 795 scibo'l
1363 729 1606 796 inte'zett
1639 731 1839 796 levale.

589 873 754 941 Oum
785 897 1008 941 cursor
1037 876 1120 940 ad
1151 875 1362 940 mmm
1395 875 1620 960 Digtem
1652 877 1816 944 Vmnn
1842 877 1983 960 jam
2026 876 2165 964 jam
2198 877 2635 961 expediendus

373 973 558 1044 esset,
622 965 798 1032 Ser¹²⁸
847 966 1114 1032 Transw
1164 966 1476 1050 Princeps
1527 967 1753 1032 Incliti
1805 967 2084 1033 Senatus
2144 968 2383 1036 Veneti
2434 969 2518 1034 ad
2568 991 2637 1035 se

371 1059 628 1122 litteras
664 1058 823 1122 mihi
866 1057 1211 1122 intuendas
1262 1057 1628 1135 exhibebat,
1659 1055 1893 1140 quibus
1938 1057 2209 1124 titulum
2264 1059 2525 1125 Excelsi
2577 1067 2642 1125 et

371 1148 664 1214 Potentis
695 1148 1076 1232 inscriptum
1109 1169 1176 1212 se
1207 1146 1433 1212 mirari
1465 1147 1704 1232 ajebat,
1736 1169 1881 1213 cum
1915 1147 1998 1212 ab
2031 1154 2306 1231 utroque
2346 1149 2638 1234 Impera-

373 1245 584 1304 torum
633 1237 1036 1304 Occidentali
1086 1243 1154 1303 et
1205 1235 1544 1316 Orientali,
1577 1243 1640 1302 et
1681 1237 1765 1302 ab
1798 1236 2094 1302 omnibus
2146 1238 2294 1323 alijs
2345 1240 2636 1322 Regibus

370 1352 446 1395 ac
477 1328 976 1412 Rebuspublicis
1008 1326 1418 1393 Serenissimi
1468 1329 1696 1394 titulus
1747 1327 1869 1393 sibi
1902 1328 2285 1394 conferatur.
2342 1327 2636 1415 Quapro-

370 1427 518 1504 pter
554 1441 622 1484 se
661 1419 1236 1484 credentionalium
1287 1421 1505 1502 vigore
1537 1419 1730 1484 Ill¹¹¹²²⁰
1768 1417 1935 1502 Dig¹¹
1977 1419 2121 1486 V·au
2152 1419 2428 1504 benigne
2472 1443 2637 1486 com-

369 1511 646 1591 mittere,
678 1515 750 1574 ut
779 1531 923 1574 cum
957 1507 1155 1574 germ
1174 1509 1376 1592 Rep⁰⁸
1410 1531 1524 1574 suo
1557 1509 1812 1574 nomine
1832 1516 2001 1594 agat,
2024 1510 2195 1592 quod
2215 1511 2636 1594 imposterum

371 1622 490 1686 pro
541 1607 846 1666 consueto
902 1621 1080 1666 more
1141 1600 1624 1684 Imperatorum
1685 1622 1763 1664 ac
1824 1601 2081 1682 Regum
2148 1599 2633 1667 »Serenissimiet

371 1691 636 1757 titulum
689 1691 832 1774 ipsa
864 1711 1116 1774 quoque
1170 1690 1458 1755 conferre
1510 1691 1632 1756 sibi
1681 1712 1811 1756 non
1861 1697 2179 1774 gravetur.
2236 1689 2487 1776 Ouippe
2523 1714 2641 1777 per

369 1783 492 1848 hoc
522 1780 960 1866 magnitudini
994 1787 1060 1845 et
1110 1782 1521 1864 antiquitatis
1569 1781 1863 1849 Venetae
1916 1781 2239 1865 splendori
2293 1784 2636 1866 quicquam

367 1873 675 1938 decedere
705 1896 718 1935 :
773 1870 944 1938 Suae
1005 1892 1154 1936 vero
1210 1870 1324 1936 Mti
1381 1892 1506 1936 non
1569 1871 1889 1937 mediocre
1951 1872 2419 1956 praejudicium
2479 1873 2637 1954 fieri,

367 1985 514 2028 cum
559 1961 824 2027 Excelsi
877 1969 942 2027 et
987 1961 1284 2027 Potentis
1337 1960 1568 2028 titulus
1619 1962 1686 2028 in
1738 1962 1919 2027 nulla
1965 1960 2167 2027 Curia
2215 1969 2512 2046 receptus
2563 1987 2639 2029 ac

369 2053 869 2136 Principatuum
920 2047 1412 2136 usurpatoribus
1464 2053 1839 2118 conveniens
1876 2054 1991 2117 sit:
2046 2049 2460 2137 Quapropter
2494 2075 2635 2119 cum

367 2145 506 2228 ipse
541 2145 622 2208 iis
653 2142 948 2208 Ducibus
982 2143 1216 2225 quibus
1247 2143 1508 2227 Inclyta
1539 2143 1937 2227 Respublica
1970 2141 2153 2208 Seruni
2198 2143 2460 2208 titulum
2492 2167 2637 2210 con-

365 2235 535 2300 ferre
589 2234 772 2311 solet,
825 2232 1247 2316 amplitudine
1287 2233 1628 2298 Ditionum
1679 2231 2049 2317 viribusque
2082 2239 2147 2298 et
2179 2235 2471 2316 potentia
2508 2255 2637 2299 non

367 2319 576 2391 solum
609 2323 874 2389 minime
917 2322 1120 2403 cedat,
1137 2324 1253 2388 sed
1287 2325 1484 2389 etiam
1513 2324 1738 2408 paucis
1770 2329 1948 2389 retro
1980 2323 2165 2390 annis
2197 2345 2315 2408 per
2346 2324 2637 2408 legitima

366 2415 682 2498 suffragia
713 2414 780 2478 in
815 2414 1062 2496 Regem
1095 2414 1426 2497 Ungariae
1460 2414 1700 2480 electus
1733 2413 1947 2493 fuerit,
1965 2415 2391 2498 Regnumque
2423 2435 2635 2498 posse·

365 2505 555 2584 derit,
587 2525 716 2569 non
765 2504 1062 2569 dubitare
1113 2525 1198 2582 se,
1230 2505 1388 2586 quin
1439 2503 1636 2570 serm*
1668 2504 1919 2589 Resp⁰⁸‚
1952 2526 2071 2589 pro
2120 2505 2435 2587 singulari
2486 2529 2635 2590 pru-

364 2596 590 2663 dentia
627 2617 744 2661 sua
780 2595 1172 2679 aequitatem
1204 2596 1302 2660 rei
1334 2596 1824 2661 consideratura
1866 2596 2373 2681 justissimisque
2412 2602 2631 2681 postu-

367 2687 522 2755 latis
553 2688 687 2751 suis
719 2688 924 2752 amice
955 2706 1298 2751 assensura
1330 2689 1433 2751 sit.

581 2774 688 2842 ‘De
739 2776 988 2860 reliquo
1041 2798 1108 2842 se
1161 2776 1370 2842 Ill¹¹¹⁸¹¹¹
1407 2776 1616 2859 Digem
1657 2776 1796 2845 V¹⁵un
1850 2778 2176 2859 requirere
2227 2774 2323 2859 (et
2372 2783 2445 2842 ut
2493 2778 2634 2861 ipso

369 2865 552 2933 Ser²¹⁵
585 2866 758 2933 Suae
788 2867 982 2931 verbo
1012 2866 1193 2951 utar)
1243 2867 1573 2945 obtestari,
1607 2874 1680 2931 ut
1711 2870 1925 2932 omnia
1960 2874 2023 2932 et
2054 2867 2323 2949 singula,
2356 2889 2521 2951 quae
2554 2870 2633 2934 de

373 2964 550 3022 statu
583 2956 842 3040 publico
873 2978 954 3022 ex
984 2957 1329 3041 Hispania,
1361 2958 1580 3039 ltalia,
1613 2957 1837 3023 Gallia
1868 2963 1934 3022 et
1964 2956 2213 3040 Anglia
2244 2960 2632 3039 cognoverit,

374 3070 492 3131 per
540 3048 718 3113 hunc
764 3068 1088 3113 cursorem
1149 3047 1398 3133 prolixe
1449 3053 1514 3111 et
1562 3054 1861 3112 accurate
1922 3049 2391 3113 communicare
2460 3050 2632 3113 velit.

379 3139 716 3223 Imprimis
765 3142 1001 3217 autem,
1039 3139 1182 3221 quis
1234 3144 1442 3203 status
1491 3159 1795 3221 praesens
1826 3135 2042 3206 Vallis
2094 3136 2438 3203 Tellinae?
2488 3140 2633 3221 quis

372 3226 868 3294 Genuensium?
919 3234 986 3292 et
1025 3228 1390 3295 Sabandiae
1419 3226 1674 3294 Ducis?
1721 3249 1801 3293 ac
1830 3251 1999 3294 nunc
2030 3250 2132 3293 res
2165 3229 2517 3311 composita
2548 3230 2634 3292 sit

367 3320 541 3384 inter
590 3318 804 3401 Reges
853 3317 1114 3386 Galliae
1153 3326 1220 3383 et
1255 3318 1619 3403 Hispaniae
1637 3318 1670 3383 ⁸?
1720 3320 1888 3384 sicut
1918 3319 2092 3383 fama
2122 3318 2632 3403 percrebruerat.

369 3409 718 3475 Coeterum
767 3410 892 3473 hac
939 3409 1304 3493 septimana
1351 3416 1488 3474 tam
1521 3408 2079 3493 Constantinopoli
2132 3429 2325 3492 quam
2358 3430 2435 3471 ex
2468 3404 2631 3473 Ger-

365 3501 586 3564 mania
637 3500 1077 3582 optatissimos
1109 3520 1178 3564 se
1211 3500 1510 3565 habuisse
1561 3500 1845 3581 nunci08‚
1880 3501 2117 3583 quippe
2157 3500 2631 3582 Imperatorem

365 3590 850 3656 Ottomanicum
871 3590 1296 3673 expeditionis
1323 3598 1546 3655 contra
1567 3589 1952 3655 Austriacos
1971 3588 2413 3673 suscipiendae
2438 3588 2633 3651 ratio-

365 3702 509 3745 nem
561 3676 806 3763 (quoad
857 3678 1204 3765 Vezyrium
1245 3680 1610 3746 Budensem
1649 3688 1716 3745 et
1747 3678 1936 3764 alios)
1988 3700 2141 3745 suae
2189 3677 2507 3743 voluntati
2555 3697 2632 3739 ac

365 3771 768 3855 dispositioni
817 3770 1227 3853 permittere:
1279 3771 1526 3854 Regem
1576 3792 1726 3836 vero
1776 3771 2049 3847 Daniae,
2102 3766 2431 3850 Stendely,
2473 3763 2630 3830 urbe

365 3861 718 3945 praecipua
747 3859 1010 3929 Veteris
1063 3862 1400 3926 Marchiae
1433 3862 1500 3925 in
1531 3863 1672 3946 ipso
1718 3861 1983 3926 Domini
2031 3858 2359 3924 Matthiae
2409 3854 2633 3938 Quadt

365 3951 598 4035 Legati
649 3956 988 4034 conspecto
1028 3950 1419 4016 Mansfeldio
1453 3948 1690 4017 Comiti
1722 3957 1788 4016 et
1818 3951 1867 4017 J
1870 3951 2109 4016 ohanni
2139 3950 2426 4014 Ernesto
2457 3943 2631 4009 Duci

270 4115 279 4124 ,
368 4041 689 4107 Saxoniae
722 4040 1159 4124 Vinnariensi,
1193 4040 1648 4107 Ordinantiam
1684 4039 1907 4125 (quam
1941 4036 2203 4122 vocant)
2256 4036 2495 4118 scripto
2528 4054 2633 4095 ex-

367 4131 670 4210 hibuisse,
731 4138 806 4195 ut
864 4154 1010 4197 cum
1071 4132 1290 4197 decem
1348 4131 1634 4197 millibus
1695 4133 2003 4216 peditum,
2064 4129 2278 4194 tribus
2340 4123 2635 4224 equitum

365 4222 610 4287 decimo
641 4222 746 4287 die
778 4222 972 4305 hujus
1019 4222 1256 4287 mensis
1301 4222 1352 4287 J
1355 4223 1468 4306 uly
1519 4222 1684 4307 stylo
1734 4224 1938 4287 veteri
1971 4220 2261 4286 Orosnae
2292 4214 2363 4277 in
2396 4212 2636 4277 Silesm.

369 4312 682 4378 Viadram
733 4310 996 4377 fiuvium
1045 4333 1368 4397 superare,
1398 4313 1769 4396 bellumque
1806 4314 1875 4377 in
1904 4310 2229 4376 hosticum
2276 4300 2637 4368 transferre

369 4400 520 4467 Sei-‘¹
565 4402 740 4469 Suae
779 4400 1126 4485 Oppolium
1172 4410 1236 4468 et
1280 4403 1688 4470 Ratiboriam
1742 4424 1943 4486 usque
1994 4398 2249 4464 obviam
2287 4390 2636 4487 procedere

368 4492 664 4558 debeant.
696 4528 784 4538 —-—
816 4493 1168 4557 Pecuniam
1216 4514 1332 4577 per
1380 4492 1883 4561 Confoederatos
1932 4486 2253 4557 Venetias
2305 4480 2637 4545 transm1t-
