3459 5300
864 346 896 397 5
911 346 938 397 7
954 346 987 397 2
1415 346 1440 397 1
1456 344 1533 397 64
1547 344 1598 396 5.
1633 362 1929 397 vnnnxczffl
1965 353 2215 396 κὸνετεκ
2252 350 2596 396 snnizxrizszl.

1073 515 1208 581 Che
1241 515 1626 581 occorrendo
1655 516 1723 581 la
1756 516 1927 582 Casa
1960 514 2018 579 (l'
2054 512 2329 579 Aust-ria
2390 514 2560 596 vogli
2622 512 2887 577 invadet
2920 513 2964 576 il
3022 511 3125 577 Si-

858 627 1020 690 gnor
1052 606 1357 690 Principe
1387 628 1505 690 per
1534 606 1601 670 la
1633 605 2103 671 dichiaratione
2136 626 2255 669 sua
2274 626 2389 668 con
2424 604 2465 668 l’
2497 605 2750 679 unione,
2780 624 2971 666 oveto
3004 624 3122 685 per

857 697 900 760 li
937 696 1134 761 danni
1199 696 1294 761 ch’
1329 696 1456 779 egli
1489 716 1528 761 a
1561 695 1645 759 lei
1679 696 1944 761 havesse
2005 694 2189 773 fatti;
2252 696 2350 758 sia
2412 693 2746 777 obbligata
2807 692 2849 757 l'
2882 692 3121 756 unione

861 786 1136 870 prender
1189 786 1228 849 l’
1261 786 1426 851 armi
1460 808 1574 869 per
1607 785 1814 850 difesa
1846 785 1951 850 del
1985 784 2219 868 Signor
2254 784 2593 867 Principe3
2643 790 2709 848 et
2748 804 2861 865 per
2892 781 2958 845 la
2988 804 3122 845 me·

864 877 1108 941 desima
1141 878 1424 959 ragione,
1457 898 1524 941 se
1557 876 1598 939 l’
1632 876 1867 939 unione
1886 875 2052 941 fosse
2074 876 2293 939 invasa
2326 874 2505 938 dalla
2539 873 2708 939 Casa
2739 874 2798 937 d’
2820 872 3125 945 Austria.

861 988 1050 1031 overo
1114 966 1198 1030 da
1261 965 1429 1031 altro
1481 966 1717 1049 Signor
1768 966 2071 1047 Principe
2134 963 2455 1029 conforme
2488 965 2553 1028 la
2584 962 2963 1047 possibilita,
3026 962 3127 1026 sia

864 1055 1195 1140 obbligato
1226 1056 1503 1141 prender
1565 1055 1608 1121 l'
1672 1056 1837 1121 armi
1900 1076 2016 1140 per
2077 1054 2283 1119 difesa
2346 1053 2493 1120 dell’
2527 1055 2777 1119 unione.

1832 1272 1894 1279 ...-

861 1453 1126 1523 30111100
1179 1452 1384 1524 Gabar
1435 1450 1810 1522 emlekirata
1846 1448 2492 1609 'fizffiposztrakoknak
2571 1448 2821 1518 adando
2870 1446 3127 1517 valaszt

1916 1558 1951 1610 e
2087 1558 2143 1626 ss·

1042 1713 1094 1773 1.
1117 1709 1302 1773 Inter
1322 1708 1790 1791 propositiones
1813 1706 2287 1773 Germanorum
2310 1704 2468 1769 baec
2489 1702 2893 1769 difficultatis
2928 1704 3127 1787 plena

857 1805 970 1879 ost,
1006 1798 1176 1881 quod
1210 1798 1518 1863 tractatui
1551 1797 1618 1860 111
1653 1796 2029 1863 Situatorok
2070 1796 2370 1861 concluso
2404 1796 2724 1871 insistant,
2760 1794 3005 1859 nullum
3042 1796 3127 1859 de

858 1910 1020 1953 novo
1055 1893 1408 1953 tractatum
1458 1888 1761 1951 volentes
1796 1886 2043 1953 Verum
2076 1885 2233 1951 mihi
2284 1884 2653 1953 nullatenus
2686 1885 3019 1968 probatur,
3054 1892 3133 1950 ut

857 1978 1068 2044 dictus
1102 1984 1422 2043 tractatus
1455 1977 1521 2042 in
1557 1999 1670 2042 suo
1731 1978 1948 2059 vigore
1980 1976 2403 2058 relinquatur,
2465 1975 2619 2057 quia
2649 1996 2793 2039 cum
2826 1996 2903 2039 ex
2934 1982 3131 2059 parte

861 2067 1340 2133 Germanorum
1402 2068 1622 2133 dolore
1685 2067 1880 2131 fuerit
1911 2067 1966 2131 is
1998 2066 2355 2143 conclusus,
2403 2086 2529 2129 non
2580 2070 2793 2147 potest
2822 2086 2949 2129 non
2980 2086 3131 2129 esse

864 2159 1116 2223 nationi
1147 2164 1408 2223 nostrae
1441 2156 1985 2241 praeiudicabilis,
2036 2178 2163 2239 quo
2198 2157 2403 2239 magis
2456 2160 2551 2219 est
2588 2154 2961 2238 praedictus
2990 2161 3132 2220 tra-

858 2256 1068 2313 ctatus
1101 2270 1178 2312 ex
1212 2254 1490 2330 utraque
1524 2253 1709 2330 parte
1743 2247 2151 2325 invalidatuS,
2216 2267 2345 2330 qua
2376 2251 2643 2329 propter
2704 2244 3127 2327 quandocun-

859 2359 982 2419 que
1015 2335 1332 2403 Germani
1383 2336 1640 2403 modum
1705 2336 2052 2401 habuerint
2098 2357 2350 2419 semper
2389 2355 2533 2400 eum
2567 2334 2934 2417 infringere,
2970 2358 3128 2417 sup-

861 2430 1074 2511 posito
1109 2427 1280 2510 quod
1312 2428 1506 2492 semel
1541 2427 1854 2491 infractus
1917 2426 2113 2491 fuerit
2160 2477 2171 2490 .
2235 2478 2247 2490 .
2309 2477 2320 2489 .
2383 2476 2395 2489 .
2442 2432 2713 2507 uterque
2764 2424 3131 2507 Imperato-

859 2540 1021 2596 rum,
1055 2540 1328 2601 quorum
1394 2516 1791 2600 temporibus
1856 2516 2185 2601 praefatus
2247 2520 2567 2581 tractatus
2630 2514 2965 2579 conclusus
2996 2514 3131 2580 fuit

859 2608 1019 2673 obiit
1051 2629 1182 2674 una
1215 2630 1361 2674 cum
1391 2608 1747 2674 mediatore
1798 2606 2104 2690 Principe
2154 2606 2455 2672 Boskaio.
2490 2602 2678 2689 Quod
2712 2606 2766 2670 si
2798 2605 2917 2670 sub
2950 2604 3128 2670 litte-

857 2698 948 2763 ris
979 2697 1251 2764 firmatis
1284 2704 1601 2764 tractatus
1635 2698 2135 2780 comprehensus
2155 2696 2605 2761 modernorum
2638 2695 3124 2778 Imperatorum

858 2789 1113 2853 nomine
1147 2795 1210 2852 et
1241 2789 1472 2871 sigillis
1504 2787 2012 2864 concluderetur,
2050 2789 2171 2852 hoc
2203 2795 2301 2852 est
2334 2786 2505 2869 quod
2536 2787 2801 2850 nomina
2830 2787 3128 2868 Impera-

859 2885 1073 2943 torum
1106 2885 1530 2955 mutarentur,
1565 2885 1628 2942 et
1659 2878 1839 2942 locus
1872 2878 2069 2942 etiam
2101 2877 2210 2942 ubi
2244 2876 2431 2941 modo
2470 2881 2790 2940 tractatur
2823 2883 2889 2940 et
2922 2879 3129 2959 speci-

861 2968 978 3032 fice
1010 2968 1532 3033 denominaretur
1563 2970 1628 3031 in
1663 2968 1899 3032 litteris
1932 2965 2221 3043 firmatiS,
2253 2967 2416 3032 nihil
2446 2966 2734 3042 referret,
2766 2967 2961 3031 etiam
2992 2967 3051 3030 si
3086 2989 3129 3031 a

859 3065 1046 3140 parte
1078 3058 1492 3124 Ottomanica
1522 3059 1684 3122 haec
1715 3058 2043 3142 postulata
2075 3056 2305 3121 fierent
2334 3056 2521 3122 modo
2552 3057 2814 3121 nomina
2846 3063 2911 3120 et
2941 3057 3127 3121 locus

857 3153 1176 3213 tractatus
1209 3154 1635 3214 mutarentur.

1077 3259 1132 3320 2.
1167 3252 1404 3320 Altera
1465 3254 1981 3338 propositionum
2022 3273 2187 3335 quae
2220 3243 2667 3318 difficultatem
2701 3253 2875 3330 facit,
2909 3258 3011 3316 est
3046 3275 3128 3318 ea

857 3365 989 3427 qua
1019 3346 1344 3408 restitutio
1376 3343 1571 3409 Arcis
1605 3344 1748 3412 Vaz
1781 3344 2129 3426 quaeritur.

1075 3457 1132 3516 3.
1165 3451 1540 3516 Difficultas
1602 3452 1812 3516 oritur
1844 3473 1919 3514 ex
1971 3451 2405 3535 propositione
2438 3473 2569 3534 qua
2601 3453 2883 3516 omnium
2917 3451 3127 3536 capti-

857 3563 1078 3606 vorum
1110 3539 1575 3618 liberationem,
1606 3542 2173 3624 remissionemque
2204 3541 2562 3624 requirunt.

1073 3654 1133 3714 4.
1165 3649 1537 3715 Difficultas
1600 3652 1810 3714 oritur
1872 3672 1947 3714 ex
2010 3651 2293 3714 omnium
2357 3649 2735 3714 damnorum
2786 3649 3127 3714 illatorum

859 3739 1200 3805 sufficienti
1236 3740 1552 3805 refusione
1587 3748 1652 3804 et
1683 3741 2220 3823 compensatione.

1079 3851 1137 3912 5.
1171 3846 1543 3912 Difficultas
1607 3849 1879 3926 emergit
1908 3869 1985 3910 ex
2020 3847 2305 3910 locorum
2340 3845 2680 3910 novissime
2744 3843 3129 3910 fortificato-

857 3959 1000 4002 rum
1033 3936 1482 4014 destructione,
1547 3943 1827 4018 quatuor
1875 3937 2035 4001 haec
2086 3943 2411 4019 postrema
2462 3935 2793 4019 postulata
2844 3931 3129 4000 Germa·

860 4048 1087 4091 norum
1121 4026 1352 4092 illicita
1385 4034 1449 4093 et
1479 4027 1903 4110 impossibilia
1950 4034 2194 4109 reputO,
2230 4027 2384 4108 quin
2419 4027 2613 4090 etiam
2646 4026 3129 4109 Imperatoriae

860 4115 1309 4182 Ottomanicae
1342 4118 1683 4182 Maiestati
1706 4116 2257 4199 praeiudicabilia,
2290 4123 2486 4198 atque
2538 4116 2831 4197 sequenti
2864 4115 3131 4180 ratione

859 4206 1158 4289 respondi
1190 4209 1406 4290 possit.

1075 4297 1572 4362 Potentissimus
1632 4297 2002 4378 Imperator
2080 4293 2535 4361 Ottomanicus
2610 4295 2911 4377 ignorare
2990 4317 3127 4360 non

859 4391 1074 4468 potest
1106 4387 1249 4468 quis
1282 4392 1600 4451 tractatus
1632 4393 1921 4469 tempore
1982 4385 2228 4450 Boskai
2263 4385 2381 4449 sub
2415 4385 2699 4449 defuncti
2732 4383 2955 4450 Patris
2986 4385 3130 4449 Im-

861 4477 1225 4565 peratoriae
1260 4477 1629 4547 Maiestatis
1663 4476 1919 4544 nomine
1952 4483 2017 4540 et
2048 4476 2353 4562 auspiciis
2391 4477 2726 4541 conclusus
2760 4475 2959 4540 fuerit
2989 4497 3128 4541 me-
