3459 5300
1036 418 1067 471 1
1079 418 1114 473 6
1124 419 1159 473 2
1168 415 1222 471 3.
1246 420 1515 471 uxi-ossum
1546 422 1902 473 ειιιετὴεεκ.
2480 414 2510 471 1
2522 416 2556 471 3
2573 416 2596 471 1

350 610 550 654 verum
614 612 693 655 ne
757 591 1081 673 privatum
1144 590 1401 673 quidem
1465 590 1756 669 militem,
1817 590 2138 655 commissi
2188 590 2287 653 vel
2348 590 2614 654 admissi

349 680 607 761 alicujus
641 681 901 747 sceleris
935 687 1001 745 et
1030 680 1265 763 flagitii
1298 702 1601 746 accusare
1634 682 1838 765 possit
1870 682 2206 745 neminem.

544 790 791 855 Verum
842 790 1013 853 enim
1046 810 1213 867 vei-0,
1247 810 1373 853 non
1410 789 1504 853 ita
1536 810 1575 853 a
1608 795 1794 871 parte
1827 788 2256 871 Imperatoris
2291 787 2358 852 in
2391 787 2612 852 obser-

348 880 585 942 vatione
637 879 1073 943 conditionum
1124 878 1301 961 pacis
1354 899 1766 961 progressum
1819 879 1956 944 fuit.
2009 878 2182 943 Nam
2231 900 2359 941 non
2405 878 2613 942 solum

352 970 547 1033 omnia
594 970 777 1052 pacis
828 969 1091 1033 foedera
1142 969 1511 1051 Imperator
1576 970 1768 1052 rupit,
1817 991 2040 1033 verum
2102 969 2297 1033 etiam
2361 968 2612 1050 magnis

350 1058 721 1140 quibusdam
773 1059 1098 1124 Praelatis
1150 1059 1584 1124 calumniandi
1636 1060 1703 1123 in
1760 1061 2012 1123 nomine
2061 1056 2242 1125 Se1·¹¹¹¹
2285 1058 2614 1141 Principis

350 1150 595 1232 impune
627 1150 957 1214 licentiam
992 1148 1376 1231 permiserit,
1409 1150 1535 1212 imo
1570 1150 1767 1213 semel
1817 1156 2016 1233 atque
2048 1149 2210 1213 alias
2245 1149 2611 1231 requisituS,

351 1260 438 1303 eos
464 1239 629 1304 Juri
666 1240 913 1321 sistere,
958 1238 1162 1303 multo
1225 1239 1437 1303 minus
1479 1260 1753 1321 poenam
1803 1239 2089 1323 aliquam
2142 1238 2270 1305 illis
2321 1236 2614 1321 infligere

353 1328 711 1412 neglexerit.

550 1434 746 1500 Nunc
776 1436 998 1517 itaque
1030 1457 1178 1499 cum
1204 1436 1341 1519 jam
1363 1435 1792 1519 injurantium
1823 1436 2150 1501 molestias
2181 1437 2459 1501 ulterius
2481 1434 2618 1501 Sua

355 1523 531 1590 Sertm
564 1525 875 1591 tollerare
922 1533 987 1590 et
1028 1525 1317 1609 perferre
1372 1548 1495 1590 non
1546 1533 1782 1609 posset,
1833 1528 2030 1591 armis
2081 1527 2616 1591 existimationem

356 1616 615 1680 nominis
686 1614 804 1681 Sui
890 1622 955 1680 et
1018 1616 1196 1699 rupti
1276 1615 1551 1681 foederis
1631 1615 2083 1713 indignitatem
2165 1616 2617 1681 vindicandum

356 1708 584 1771 statuit.

555 1812 781 1897 Qua-re
842 1835 989 1878 cum
1052 1814 1119 1876 in
1169 1812 1341 1897 Incl)
1362 1820 1491 1877 tam
1541 1819 1609 1877 et
1658 1812 2147 1879 Nobilissimam
2197 1814 2364 1879 hanc
2425 1815 2616 1880 Rem-

356 1904 665 1986 publicam
716 1903 1055 1987 magnifice
1122 1924 1375 1985 semper
1425 1904 1621 1967 fuerit
1670 1902 1954 1984 affectuS,
2005 1904 2416 1987 studiumque
2477 1903 2614 1987 pla-

355 1995 540 2071 cendi,
574 1999 643 2058 et
675 1995 927 2057 animus
960 1991 1369 2076 gratificandi
1403 2014 1656 2076 semper
1703 1994 1772 2057 in
1821 2000 2124 2078 promptu
2156 1994 2412 2072 fuerint,
2445 2014 2617 2058 nunc

358 2106 598 2167 quoqne
637 2105 783 2149 cum
834 2091 970 2149 tam
1021 2083 1297 2147 arduum
1346 2084 1687 2148 statuisset
1737 2084 2062 2167 suscipere
2111 2085 2460 2167 negotium,
2493 2103 2619 2147 non

354 2180 477 2239 tam
508 2172 831 2258 gerendae
866 2174 959 2237 rei
992 2173 1437 2255 magnitudine
1488 2173 1756 2249 celebre,
1808 2196 2002 2256 quam
2043 2176 2110 2237 in
2141 2180 2456 2257 quantum
2489 2174 2619 2238 Im·

355 2272 709 2346 peratorem
762 2284 947 2327 arma
997 2270 1489 2340 summerentur,
1538 2264 1768 2346 ingens
1820 2270 1884 2328 et
1925 2264 2355 2342 memorabile,
2387 2264 2549 2328 nihil
2581 2283 2622 2327 a

363 2354 527 2419 vobis
579 2354 1032 2419 occultandum
1078 2351 1415 2434 judicavit,
1467 2354 1579 2417 sed
1631 2354 1725 2418 uti
1776 2354 2071 2418 maximis
2122 2360 2189 2417 et
2237 2354 2621 2437 gratissimis

366 2466 609 2527 semper
641 2444 867 2509 amicis
920 2452 985 2507 et
1014 2442 1239 2512 vicinis
1271 2464 1467 2525 quam
1504 2442 2143 2521 benevolentissimi8‚
2193 2446 2408 2509 omnia
2456 2464 2623 2509 com-

366 2535 747 2599 municanda
777 2533 1077 2599 decrevit.
1879 2546 1888 2553 ·

565 2640 733 2706 Cum
764 2646 980 2706 autem
1013 2641 1135 2705 D¹¹⁸
1155 2645 1373 2705 noster
1405 2639 1643 2705 Olem¹¹⁸
1692 2640 1932 2724 optime
1965 2640 2144 2720 sciat,
2178 2663 2304 2708 non
2337 2640 2620 2724 exiguas,

360 2731 480 2795 imo
511 2733 827 2796 maximas
857 2731 1229 2816 praeteritis
1268 2731 1663 2814 temporibus
1717 2753 1758 2796 a
1789 2731 1978 2796 domo
2027 2731 2381 2797 Austriaca
2429 2731 2624 2816 incly-

356 2829 488 2884 tam
545 2823 716 2887 hanc
777 2819 1033 2906 quoque
1094 2820 1606 2906 Rempublicam,
1638 2821 1810 2887 circa
1872 2821 2148 2886 confinia
2207 2822 2624 2906 imperiorum

360 2933 631 2994 suorum,
664 2933 926 2996 passam
956 2912 1155 2977 fuisse
1186 2909 1478 2994 injuriae,
1510 2911 1744 2995 quibus
1794 2932 1971 2976 more
2021 2913 2212 2977 solito
2251 2911 2477 2977 domus
2511 2911 2627 2976 illa

361 3021 605 3086 semper
634 3003 879 3067 vicinos
918 3002 1038 3066 sibi
1071 3002 1563 3085 propinquiores
1598 3002 1854 3066 afficere
1905 3004 2259 3082 consvevit3
2311 3004 2365 3067 si
2405 3003 2627 3084 itaque

360 3091 606 3156 illatam
634 3098 735 3156 tot
765 3114 842 3158 ac
874 3093 1075 3157 tantis
1124 3091 1367 3157 vicibus
1417 3092 1723 3175 injuriam
1757 3092 1977 3156 ulcisci
2024 3092 2423 3158 nobilissima
2468 3090 2627 3156 Res-

360 3181 615 3264 publica
676 3183 1027 3258 statuisset,
1078 3203 1409 3264 nunquam
1458 3183 1742 3265 presenti
1793 3188 2079 3266 tempore
2135 3181 2628 3248 commodiorem

363 3272 427 3334 in
478 3293 553 3336 eo
600 3273 1000 3338 occasionem
1049 3274 1379 3355 reperiret,
1430 3293 1577 3336 cum
1626 3271 1806 3336 illinc
1857 3293 1896 3336 a
1944 3271 2080 3337 Sua
2113 3271 2280 3338 Sarte
2307 3271 2627 3338 validiori-

360 3361 479 3425 bus
530 3363 767 3428 viribus
819 3363 1177 3446 imperatur
1226 3368 1290 3425 et
1340 3367 1721 3439 coarctetur,
1771 3362 1921 3426 hinc
1969 3363 2070 3428 vel
2106 3363 2412 3428 mediocri
2461 3359 2626 3425 mili-

364 3457 501 3515 tum
536 3473 799 3518 numero
831 3454 1035 3536 premi
1070 3474 1109 3516 a
1139 3452 1317 3518 vobis
1350 3457 1584 3536 posset.

578 3559 827 3626 Deinde
880 3560 1051 3643 quod
1097 3562 1151 3625 si
1186 3559 1379 3625 serm*
1411 3561 1645 3643 Respa
1682 3558 1924 3624 bellum
1975 3560 2232 3623 omnino
2282 3558 2630 3642 suscipien-

363 3647 518 3712 dum
572 3651 873 3716 adversus
924 3651 1394 3734 Imperatorem
1445 3650 1838 3728 decerneret,
1887 3657 1952 3714 et
1999 3671 2114 3733 per
2167 3655 2411 3714 certum
2444 3670 2632 3714 suum

361 3736 699 3824 Legatum,
762 3741 845 3805 ad
908 3741 975 3804 id
1038 3740 1403 3826 specialiter
1468 3739 1854 3816 ordinatum,
1922 3740 2275 3804 Dominum
2339 3745 2632 3804 nostrum

364 3825 625 3892 Clemum
654 3832 995 3897 certiorem
1024 3830 1343 3909 redderet,
1378 3829 1579 3896 Suam
1621 3830 1830 3895 Sertem
1852 3836 2150 3914 paratam
2181 3849 2336 3909 esse,
2361 3829 2456 3894 ita
2489 3849 2632 3894 cum

362 3917 605 4001 inclyta
661 3920 1029 4006 Republica
1091 3921 1445 3986 amicitiam
1504 3921 2143 4003 benevolentiamque
2203 3920 2482 3997 firmare,
2540 3920 2634 3984 ita

362 4007 593 4074 foedus
620 4017 685 4076 et
715 4013 897 4095 pacis
928 4011 1324 4077 conditiones
1358 4011 1667 4090 stabilire,
1702 4017 1774 4075 ut
1823 4018 2190 4095 susceptum
2241 4009 2362 4076 hoc
2392 4008 2633 4074 bellum

360 4095 669 4166 adversus
700 4103 1175 4185 Imperatorem
1226 4122 1352 4165 non
1384 4102 1563 4183 prius
1604 4102 1964 4166 remitteret
2011 4101 2110 4164 vel
2161 4101 2635 4180 intermitteret,

363 4209 574 4270 quam
626 4191 1049 4258 Nobilissima
1098 4190 1495 4276 Respublica
1546 4192 1812 4274 antiquo
1875 4211 1990 4256 suo
2050 4190 2279 4255 fuisset
2335 4190 2637 4256 restituta

361 4277 656 4362 imperi0,
708 4303 918 4366 neque
982 4282 1171 4347 citius
1234 4280 1317 4345 ab
1378 4281 1576 4346 armis
1638 4281 1964 4346 discedere
2025 4280 2125 4345 vel
2188 4279 2638 4365 quoquomodo

362 4389 600 4450 pacem
646 4379 707 4436 et
755 4373 1163 4438 concordiam
1226 4372 1453 4450 facere,
1501 4393 1697 4454 quam
1761 4370 1985 4436 Serme
2019 4371 2170 4435 huic
2217 4369 2638 4453 Reipublicae

363 4457 733 4540 placuisset.
784 4462 1007 4545 Atque
1058 4463 1217 4527 haec
1266 4463 1477 4544 prima
1526 4467 1623 4525 est
1674 4481 1870 4526 causa
1919 4481 2033 4525 cur
2081 4461 2164 4526 ad
2213 4467 2279 4526 te
2325 4460 2636 4542 Princeps

366 4545 581 4611 Sei-¹¹¹e
609 4551 1033 4636 inclytamque
1065 4553 1233 4618 hanc
1264 4553 1576 4636 Remp⁰⁸¹¹¹
1622 4552 1802 4616 missi
1829 4572 2066 4616 sumus·

2359 4672 2424 4726 9⁴}
