3459 5300
1002 352 1033 404 1
1047 352 1081 405 6
1094 352 1191 405 25.
1216 356 1483 405 narheim-1
1516 358 1875 407 amsxrfzsns.
2440 354 2468 407 l
2483 353 2514 406 7
2528 353 2561 406 3

524 524 645 590 IV.
684 524 787 588 De
818 524 1315 607 praeparatione
1348 523 1515 589 belli.

516 616 843 679 Primum:
908 614 1225 699 Majestas
1278 614 1412 678 Sua
1462 637 1577 698 per
1624 616 1961 679 continuos
2007 614 2258 697 aliquot
2317 635 2566 679 menses

307 705 658 769 vehementi
708 712 962 770 catarro
994 702 1330 781 laboravit,
1362 726 1439 768 ex
1490 728 1617 787 quo
1669 703 1859 770 multi
1911 704 2102 769 finem
2139 706 2304 771 vitae
2338 725 2566 790 appro-

306 794 617 877 pinquare
668 795 1111 859 autumabant.
1179 796 1461 860 Causam
1513 795 1717 860 morbi
1767 794 1879 859 alii
1927 794 2182 861 labores
2230 803 2296 859 ct
2345 816 2566 878 perpe-

305 893 445 949 tuas
478 906 683 961 curas,
716 885 831 949 alii
878 885 1055 950 lenta
1104 906 1348 949 venena
1407 891 1471 949 et
1518 892 1888 969 corruptam
1938 886 2328 949 medicorum
2377 884 2567 949 fidem

305 975 772 1040 asseverabant.
812 976 1063 1040 Inimici
1095 977 1293 1039 etiam
1327 975 1623 1041 libidines
1655 973 2146 1059 voluptatesque
2192 974 2566 1057 arguebant.

304 1065 447 1129 hinc
480 1066 559 1129 de
591 1071 800 1129 morte
832 1064 970 1147 ejus
1002 1086 1118 1148 per
1151 1062 1572 1131 Germaniam
1608 1064 1691 1129 ab
1741 1065 1966 1131 iisdem
2017 1086 2280 1149 sparsus
2332 1087 2566 1145 rumor,

306 1156 409 1219 sed
439 1156 569 1219 Dei
601 1156 813 1238 gratia
862 1155 1097 1220 falsus:
1148 1154 1321 1219 Nam
1372 1155 1567 1239 paulo
1598 1162 1745 1239 post
1793 1156 2036 1219 vocatis
2070 1157 2390 1221 extraneis
2440 1178 2566 1221 ine-

304 1246 475 1323 dicis,
508 1251 763 1309 catarro
816 1243 1088 1315 sublato.
1128 1245 1431 1329 Princeps
1468 1246 1701 1310 iterum
1735 1244 2072 1326 convaluit,
2123 1253 2188 1309 et
2233 1246 2400 1310 vires
2431 1268 2567 1309 cor-

306 1337 471 1419 poris
504 1336 975 1420 pristinamque
1008 1336 1206 1399 animi
1239 1335 1645 1400 alacritatem
1676 1335 1949 1400 feliciter
1982 1338 2402 1420 recuperarit.

512 1424 915 1491 Secundum:
962 1425 1262 1508 Utroque
1312 1425 1539 1509 Regno
1590 1424 1670 1489 ob
1702 1432 2042 1508 sequentes
2075 1448 2301 1491 causas
2339 1448 2566 1509 graves

306 1521 510 1580 motus
544 1516 759 1580 civiles
794 1517 1162 1581 imminent:
1218 1520 1273 1579 1.
1320 1515 1495 1598 Quia
1524 1537 1762 1597 magna
1794 1516 2112 1581 ordinum
2163 1518 2226 1581 in
2261 1517 2567 1600 proximis

306 1604 589 1671 Comitiis
624 1604 922 1689 Soprony
958 1605 1295 1670 celebratis
1327 1606 1637 1671 dissensio
1688 1606 1753 1670 in
1805 1628 2002 1671 causa
2051 1606 2379 1672 electionis
2421 1606 2566 1671 novi

306 1695 585 1761 Palatini
618 1696 880 1760 suborta
912 1702 1026 1774 est,
1076 1695 1229 1759 dum
1278 1694 1722 1761 Ecclesiastici
1775 1695 2279 1780 Str-igoniensem
2331 1694 2566 1761 Archi-

308 1788 667 1870 episcopum
717 1786 1112 1869 eligendum:
1164 1786 1505 1851 Seculare-»s
1556 1786 2011 1853 Esterhazium
2061 1784 2312 1869 (postea
2349 1786 2566 1851 favore

306 1876 722 1959 Imperatoris
752 1876 837 1940 ad
868 1876 1251 1959 dignitatem
1284 1874 1674 1961 promotum)
1706 1876 2078 1942 voluerunt:
2119 1899 2247 1959 quo
2279 1884 2566 1959 tempore

308 1965 465 2030 inter
498 1964 725 2032 Status
756 1966 901 2031 illos
933 1967 1092 2031 duos
1125 1969 1407 2031 maxima
1456 1967 1804 2032 aemulatio
1855 1967 1932 2031 de
1983 1970 2312 2051 superiore
2361 1966 2564 2051 digni·

308 2058 453 2121 tatis
486 2056 693 2140 gradu
726 2052 901 2140 (cum
932 2055 1115 2120 illum
1136 2063 1411 2139 utraque
1444 2078 1595 2140 pars
1634 2055 1937 2142 ambiret)
1960 2063 2185 2122 exorta
2205 2063 2318 2121 est.
2341 2062 2398 2121 2.
2421 2056 2567 2121 Ele-

311 2146 429 2211 ctio
492 2147 606 2211 illa
664 2146 1032 2229 Esterhasii
1094 2152 1359 2229 propter
1440 2149 1876 2212 concurrentis
1939 2148 2266 2212 candidati
2333 2147 2566 2211 odium.

312 2236 713 2302 ambitionem
762 2258 839 2301 ac
891 2238 1245 2319 potentiam
1296 2236 1578 2302 lubricos
1626 2238 1762 2301 fasc
1767 2260 1833 2301 es
1897 2236 2163 2315 adferet,
2211 2237 2310 2301 vel
2373 2238 2480 2301 eti:
2481 2260 2567 2301 ιιιι

314 2334 645 2410 propterea
677 2326 851 2409 quod
882 2348 1089 2410 nuper
1120 2326 1295 2391 fama
1326 2327 1785 2411 percrebuerit,
1818 2326 2094 2393 Setschi²
2125 2349 2566 2431 percussorem

313 2416 389 2481 ab
433 2417 811 2481 Esterhasio
873 2417 1275 2493 conductum,
1328 2438 1403 2482 a(
1454 2418 1860 2520 submissum,
1911 2438 1990 2481 ne
2041 2439 2079 2481 a
2129 2419 2264 2481 viro
2315 2418 2566 2501 generis

312 2514 631 2583 vetustate,
662 2507 1040 2572 divitiarum
1074 2507 1411 2591 splendore
1444 2513 1509 2572 et
1540 2508 1634 2571 rei
1666 2507 1964 2572 militaris
1998 2508 2234 2591 peritia
2290 2508 2517 2573 claro'
2499 2530 2566 2571 ιιι

312 2596 529 2664 futuris
560 2598 860 2665 Comitiis
892 2604 1325 2682 superaretur.
1361 2603 1418 2662 3.
1452 2595 1752 2664 Caesaris
1791 2599 2238 2682 intempestiva
2287 2597 2565 2664 liberali-

314 2693 404 2751 tas
461 2712 588 2772 qua
651 2688 927 2772 Setschy
991 2688 1276 2754 defuncti
1337 2687 1768 2771 amplissimas
1846 2689 2119 2754 ditiones
2181 2689 2564 2754 Esterhazio

316 2779 476 2843 nulla
521 2778 749 2844 habita
797 2780 1064 2858 ratione,
1114 2777 1465 2842 haeredum
1516 2778 1681 2843 dono
1733 2778 1926 2858 dedit,
1976 2785 2040 2844 et
2090 2801 2164 2844 eo
2197 2781 2334 2862 ipso
2369 2777 2564 2845 Sei-“¹¹¹

314 2867 707 2935 Bethlemum
741 2869 1114 2952 gravissime
1148 2868 1431 2946 offendit,
1464 2869 1647 2953 cujus
1682 2890 1760 2933 ex
1793 2869 1994 2934 fratre
2027 2871 2244 2953 nepoti
2279 2869 2566 2936 Steffano

316 2955 594 3025 Bethlem
628 2957 867 3024 Comiti
900 2959 978 3023 de
1009 2960 1236 3023 Istvan
1267 2957 1402 3024 filia
1447 2959 1515 3023 in
1548 2957 1906 3041 Gon-iugem
1939 2961 2254 3044 promissa
2285 2967 2348 3023 et
2381 2981 2566 3042 spon-

318 3047 462 3113 salia
494 3051 613 3114 rite
646 3048 977 3114 celebrata
1008 3055 1193 3114 sunt:
1228 3069 1355 3114 non
1386 3049 1684 3114 obstante
1718 3049 2256 3115 Caesarianorum
2309 3071 2464 3114 cura
2503 3056 2568 3113 et

320 3139 585 3218 practica
622 3161 790 3222 quae
840 3137 1041 3203 filiam
1091 3138 1366 3222 Setschy
1418 3139 1673 3204 Illustri
1724 3140 1918 3204 alicui
1968 3161 2046 3203 ex
2096 3140 2370 3204 Polonia
2401 3139 2564 3205 Viro

320 3230 725 3304 matrimoni0‚
759 3229 1003 3294 frustra
1032 3235 1253 3294 tamen
1286 3229 1598 3294 hactenus
1624 3228 1898 3312 jungere
1933 3235 2265 3307 conantur,
2297 3249 2565 3311 magnos

322 3325 509 3384 motus
567 3321 796 3404 pariet.
860 3323 920 3383 4.
970 3320 1337 3402 Propositio
1399 3319 1477 3383 de
1526 3319 1658 3383 filio
1709 3317 2009 3384 Caesaris
2074 3319 2444 3384 solemniter
2500 3321 2564 3382 in

326 3406 541 3490 Regem
573 3409 908 3493 Ungariae
938 3409 1405 3493 inaugurandO,
1457 3410 1851 3492 Imperatori
1899 3409 2124 3492 ingens
2172 3409 2345 3493 apud
2378 3407 2566 3474 Ordi-

324 3517 421 3562 nes
449 3499 676 3576 odium,
710 3499 883 3582 quod
914 3499 1174 3564 tandem
1206 3498 1436 3563 animis
1468 3501 1772 3581 utrinque
1806 3500 2203 3564 exacerbatis
2253 3507 2565 3582 erumpet,

325 3590 601 3654 concivit:
640 3589 831 3672 Quod
864 3591 1043 3654 auxit
1071 3589 1521 3673 intempestiva
1550 3589 1599 3654 J
1604 3591 1953 3654 esuitarum
2003 3591 2350 3672 persuasiO,
2401 3611 2566 3672 qnae

326 3675 426 3740 Ius
470 3679 939 3744 haereditariae
990 3680 1409 3745 successionis
1462 3681 1527 3744 in
1577 3680 1875 3763 Regnum
1925 3681 1986 3744 vi
2036 3687 2230 3762 atque
2283 3680 2566 3762 Imperio

329 3765 751 3835 stabiliendum
784 3791 921 3834 esse
971 3769 1367 3835 contendunt
1418 3777 1481 3834 et
1532 3775 1781 3853 urgent.
1817 3774 1873 3834 5.
1908 3768 2146 3835 Odium
2197 3771 2342 3834 novi
2375 3769 2565 3834 Pala-

332 3855 449 3932 tini,
468 3881 585 3940 quo
617 3857 861 3925 Sermm
884 3857 1259 3926 Gabrielem
1292 3860 1688 3924 atrocissime
1707 3860 2138 3943 prosequitur,
2172 3882 2368 3925 causa
2399 3861 2565 3924 arcis

335 3951 390 4008 et
417 3946 710 4015 ditionum
742 3949 1143 4016 Munkatsch
1182 3949 1619 4034 superioribus
1671 3950 1857 4015 annis
1896 3955 2123 4032 aperto
2172 3949 2393 4014 Marte
2444 3949 2563 4013 sibi

338 4043 665 4118 ereptarum
715 4048 782 4104 et
829 4043 1132 4106 trecentis
1183 4039 1654 4105 Coronatorum
1711 4039 1996 4104 millibus
2059 4041 2567 4116 aestimatarum‚

339 4121 589 4226 ingentes
625 4129 851 4194 turbas
901 4130 1095 4196 dabit.
1148 4135 1206 4194 6.
1258 4129 1442 4212 Quae
1493 4131 1748 4214 singula
1798 4131 2166 4215 Imperator
2215 4130 2567 4232 diligentis-

332 4215 466 4280 sime
510 4219 803 4285 observat
854 4229 919 4300 et
968 4220 1114 4286 inde
1166 4219 1427 4304 colligit,
1478 4220 1619 4286 fieri
1671 4221 1861 4285 aliter
1911 4242 2038 4286 non
2089 4243 2290 4303 posse,
2341 4221 2459 4284 nisi
2495 4225 2566 4283 ut

328 4303 597 4374 Bethlem
658 4292 967 4376 adversus
1030 4333 1095 4376 se
1159 4333 1343 4376 arma
1404 4310 1648 4383 induat
1708 4311 1948 4376 idcirco
2011 4311 2232 4374 eadem
2291 4311 2391 4375 vel
2454 4331 2564 4392 spe

326 4400 705 4478 matrimonii,
758 4400 859 4465 vel
914 4401 1388 4478 blandimentis,
1450 4401 1549 4464 vel
1610 4403 1906 4466 excitatis
1966 4402 2032 4465 in
2096 4401 2566 4480 Transylvania

326 4486 590 4554 civilibus
641 4491 919 4556 motibus
972 4497 1260 4555 avertere
1311 4491 1407 4555 vol
1459 4491 1794 4556 retardare
1845 4491 2189 4554 contendit.
2239 4469 2318 4553 'ln
2373 4511 2562 4574 quem
