3459 5300
1223 329 1406 389 1626.
1455 353 1640 387 sumus
1683 328 1783 389 25.
2506 330 2625 390 641

371 502 495 565 iter
525 503 862 570 instituere
913 506 1176 588 possint,
1226 505 1602 583 arbitratur,
1661 504 2117 571 Serenissimos
2166 526 2272 570 eos
2324 506 2536 590 Reges
2572 514 2637 572 et

371 593 708 678 Principes
741 617 882 659 eam
916 596 1314 659 occasionem
1367 595 1538 660 haud
1599 597 2169 679 praetermissuros
2202 618 2357 675 esse,
2409 616 2539 677 qua
2571 604 2637 663 et

372 684 660 749 amicitia
719 687 1122 769 societasque
1185 692 1318 751 tam
1382 689 1664 769 potentis
1720 687 2021 767 hostique
2094 688 2369 751 maxime
2419 687 2635 752 formi-

369 772 566 839 dandi
596 775 920 859 Principis
970 777 1218 859 acquiri
1252 782 1317 841 et
1351 776 1827 841 confoederatio
1872 798 2120 841 summo
2154 778 2437 842 omnium
2470 778 2635 842 bono

368 866 694 949 totiusque
727 867 821 930 rei
853 868 1134 931 maximo
1167 888 1309 932 cum
1345 868 1775 931 emolumento
1804 867 1955 931 iniri
1988 873 2221 951 posset.

585 972 768 1059 Quae
803 998 944 1040 cum
979 976 1072 1039 ita
1106 998 1240 1039 esse
1291 976 1420 1040 iam
1470 975 1733 1040 Domini
1784 976 1984 1058 legati
2038 976 2421 1057 intelligent,
2454 973 2634 1038 vehe-

367 1072 618 1130 menter
651 1065 766 1129 hos
817 1066 1274 1131 Serenissimus
1317 1066 1626 1149 Princeps
1678 1074 1743 1130 et
1792 1064 2113 1130 Dominus
2144 1088 2324 1130 meus
2357 1064 2630 1129 clemen-

365 1156 652 1220 tissimus
687 1156 1000 1233 hortatur,
1055 1162 1128 1219 ut
1177 1162 1308 1221 tam
1359 1155 1771 1234 salutaribus,
1806 1156 2312 1239 necessariisque
2344 1154 2629 1219 consiliis

365 1266 444 1309 ex
475 1252 660 1327 parte
693 1268 810 1310 sua
856 1246 1030 1311 haud
1065 1247 1292 1323 desint,
1327 1245 1438 1309 sed
1489 1252 1638 1309 ante
1681 1248 1898 1311 omnia
1948 1267 2024 1309 ea
2072 1246 2167 1309 ita
2197 1245 2630 1329 promovenda

365 1335 580 1417 velint,
615 1344 686 1401 ut
717 1358 965 1401 summo
997 1336 1209 1401 studio
1244 1334 1815 1401 Serenissimorum
1838 1337 2090 1419 Regum
2123 1357 2384 1400 suorum
2411 1340 2629 1399 aucto·

366 1427 560 1491 ritate
579 1426 960 1509 interposita
982 1425 1199 1491 Aulae
1222 1426 1532 1491 'Purcicae
1555 1427 1947 1492 voluntatem
1983 1448 2137 1505 erga
2160 1426 2279 1491 hoc
2299 1426 2626 1507 negotium

365 1516 724 1591 concilient,
759 1538 959 1599 eoque
1009 1523 1200 1599 pacto
1252 1517 1614 1599 disponant,
1650 1538 1777 1597 quo
1840 1538 1917 1581 ex
1979 1516 2310 1580 voluntate
2346 1515 2630 1579 omnium

363 1606 484 1671 hoc
519 1628 714 1686 quam
748 1608 1008 1671 comode
1059 1608 1419 1691 promoveri
1469 1608 1690 1690 possit,
1723 1612 1788 1671 et
1819 1607 2121 1690 precipue
2152 1606 2317 1671 illud
2350 1604 2628 1669 maximo

364 1704 597 1761 conatu
671 1702 872 1778 agant
893 1748 906 1773 ,
971 1704 1042 1763 ut
1103 1698 1355 1761 reiectis
1441 1696 1734 1761 omnibus
1818 1696 2125 1773 induciis,
2208 1695 2633 1776 ulteriorique

362 1787 543 1869 pacis
575 1808 721 1851 cum
741 1786 1019 1852 Caesare
1059 1793 1362 1863 tractatu,
1395 1796 1690 1870 apertum
1721 1793 1947 1853 contra
1979 1807 2124 1850 eum
2141 1785 2384 1850 bellum
2417 1786 2630 1848 decer-

363 1883 558 1941 natur
578 1928 591 1947 ,
671 1877 964 1959 illudque
1027 1877 1286 1945 Vesirio
1355 1877 1642 1941 Budensi
1730 1876 2080 1959 gerendum
2148 1875 2631 1953 committatur3

363 1966 592 2051 deinde
633 1974 707 2031 ut
758 1968 1212 2033 Serenissimos
1247 1968 1458 2050 Reges
1506 1988 1653 2031 suos
1686 1968 1765 2031 de
1798 1968 1897 2031 his
1932 1968 2147 2031 statim
2182 1973 2248 2030 et
2280 1965 2625 2048 praecipue

361 2056 694 2121 voluntate
723 2056 1140 2122 Celsitudinis
1165 2056 1334 2123 Suae
1358 2058 1662 2122 certiores
1684 2055 1973 2133 reddant,
1995 2055 2403 2138 maximeque
2436 2074 2625 2135 nego—

361 2145 524 2210 tium
567 2149 944 2230 praesertim
983 2148 1419 2231 pecuniarum,
1468 2148 1562 2212 uti
1596 2147 1726 2211 iam
1775 2168 1889 2229 per
1930 2146 2129 2211 Suam
2160 2143 2623 2210 Celsitudinem

363 2234 896 2303 Christianissimi
931 2238 1134 2321 Regis
1183 2236 1461 2301 Domino
1494 2238 1733 2301 oratori
1768 2257 1883 2320 per
1916 2235 2385 2300 internuntium
2418 2254 2624 2316 nuper

363 2324 990 2412 Constantinopolim
1011 2328 1381 2409 expeditum
1404 2327 1773 2391 intimatum
1806 2332 1921 2402 est,
1948 2330 2242 2407 urgeant,
2276 2346 2422 2389 cum
2442 2344 2625 2387 mora

361 2416 578 2481 bacin
638 2440 706 2481 re
737 2419 1013 2483 maxime
1065 2418 1376 2483 damnosa
1425 2417 1800 2499 inutilisque
1851 2417 1954 2494 sit,
2007 2436 2213 2498 neque
2266 2414 2622 2495 quidquam

359 2508 480 2570 toti
505 2509 756 2591 negotio
777 2530 970 2591 quam
993 2509 1394 2573 occasionum
1417 2514 1741 2572 momenta
1760 2507 1823 2571 in
1854 2512 2140 2589 tempore
2162 2504 2625 2587 praetermissa

362 2598 565 2681 magis
599 2597 853 2665 afficiat.

579 2704 763 2788 Quae
794 2730 939 2772 cum
981 2707 1272 2772 dominos
1322 2706 1568 2790 legatos
1603 2705 1738 2771 Sua
1770 2704 2103 2773 Celsitudo
2150 2703 2431 2769 facturos
2484 2721 2620 2764 esse

361 2817 476 2877 pro
510 2803 684 2860 certo
717 2797 1092 2878 arbitretur,
1120 2818 1328 2880 neque
1363 2797 1714 2878 quidquam
1751 2797 1875 2860 hac
1923 2797 1991 2859 in
2038 2816 2107 2860 re
2140 2791 2622 2858 intermissuros

356 2907 496 2952 esse
544 2895 794 2972 speret,
845 2909 972 2970 quo
1035 2894 1100 2953 et
1160 2886 1737 2952 Serenissimorum
1800 2886 2056 2968 Regum
2120 2883 2477 2958 voluntati,
2557 2886 2624 2945 et

356 2975 558 3041 offitio
608 2998 723 3042 suo
770 2977 1068 3042 satisfieri
1119 2977 1336 3061 possit,
1401 2977 1493 3041 uti
1524 2975 1737 3042 Deum
1803 2977 2047 3042 cunctis
2110 2973 2393 3038 omnium
2458 2971 2621 3034 votis

355 3067 712 3132 affuturum
745 3075 917 3132 certe
969 3067 1249 3144 confidit,
1299 3069 1393 3131 ita
1441 3087 1625 3130 omne
1659 3087 1847 3130 suum
1896 3065 2202 3141 studium,
2235 3060 2620 3127 constantis-

355 3179 482 3238 que
544 3158 742 3221 animi
807 3157 1204 3222 voluntatem
1269 3156 1710 3222 Serenissimis
1762 3154 2083 3239 Regibus,
2148 3151 2620 3218 Illustrissimis

355 3246 653 3312 Statibus
688 3254 996 3313 testatum
1029 3269 1166 3312 esse
1199 3247 1392 3330 cupit,
1423 3245 1853 3329 Dominisque
1885 3245 2121 3328 legatis
2152 3241 2621 3324 benignitatem

355 3359 560 3417 suam,
592 3337 1230 3418 benevolentiamque
1264 3336 1486 3403 defert.

1150 3771 1341 3832 1626.
1383 3766 1681 3850 julius
1731 3770 1835 3830 25.

571 3929 994 3994 Serenissimo
1026 3929 1330 4011 Principe
1335 3975 1680 3995 .......
1689 3926 1877 3990 Hora
1909 3925 2067 3988 devo
2101 3929 2343 4006 quanto
2378 3923 2441 3986 ai
2474 3942 2617 4004 pre-

352 4022 516 4086 detti
563 4021 750 4086 affari
799 4021 1118 4085 communi
1170 4018 1299 4101 agli
1349 4017 1500 4082 altri
1553 4017 1843 4097 Principi
1894 4016 2145 4079 avvisar
2197 4011 2262 4076 la
2314 4011 2619 4077 Serenita

353 4111 611 4194 Vostra,
645 4133 822 4177 come
861 4111 1072 4176 subito
1106 4109 1355 4190 seguita
1386 4108 1451 4172 la
1483 4112 1686 4171 morte
1719 4106 1787 4169 di
1817 4103 2071 4186 Giurgi,
2124 4109 2189 4167 et
2239 4101 2276 4165 l’
2311 4102 2615 4166 elettione

353 4203 416 4268 di
479 4202 693 4281 Resef‚
755 4203 796 4266 l’
859 4198 1286 4265 Ambassator
1348 4197 1451 4261 del
1515 4197 1819 4279 Principe
1882 4196 1934 4258 si
1997 4193 2253 4258 trasferl
2304 4191 2437 4256 alla
2488 4209 2616 4254 ‘sua

351 4292 679 4371 audienza,
731 4298 796 4356 et
844 4291 890 4356 li
939 4290 1122 4355 diede
1155 4294 1343 4353 conto
1394 4286 1499 4352 del
1549 4308 1663 4350 suo
1713 4285 1970 4368 negotio
2002 4306 2117 4348 con
2151 4283 2305 4348 tutti
2337 4281 2386 4345 li
2418 4282 2617 4364 parti-

352 4385 568 4463 colari,
602 4383 718 4448 che
752 4384 996 4447 haveva
1042 4380 1206 4443 fatto
1246 4379 1310 4443 al
1343 4399 1459 4441 suo
1497 4395 1883 4460 precessore,
1934 4395 2052 4438 con
2099 4373 2161 4437 le
2204 4372 2468 4450 istanze,
2500 4371 2615 4434 ohe

351 4473 550 4538 avisai
583 4495 702 4538 con
736 4473 796 4536 le
827 4473 952 4535 mie
987 4469 1154 4552 degli
1195 4473 1294 4545 11,
1326 4467 1721 4550 pregandolo
1756 4465 1928 4529 della
1976 4470 2205 4546 pronta
2256 4460 2615 4527 favorevole

439 4607 690 4642 nemum
739 4606 791 4644 G.
839 4594 900 4640 ἐς
948 4604 1241 4640 vmnxczs.
2314 4577 2393 4630 41
