3459 5300
754 290 870 343 19&
1086 286 1266 345 1626.
1288 292 1902 341 'rmecsuA'rAnozA-roiz.
1935 291 2136 337 ussvirm
2169 288 2690 337 Βιότι-ηωεπτὲεεκ.

958 460 1039 528 In
1072 460 1296 543 primis
1329 459 1529 543 igitur
1577 460 1828 543 Regiae
1863 456 2211 525 Serenitati
2250 477 2366 539 pro
2418 455 2807 519 amicissima
2837 454 3005 521 salu·

740 552 985 617 tatione
1034 550 1643 633 humanissimisque
1677 551 1761 615 ad
1795 571 1861 614 se
1912 548 2146 615 litteris
2177 546 2440 610 meritas
2473 544 2723 627 gratias
2755 546 2910 628 agit,
2943 552 3008 610 et

744 643 842 708 uti
875 642 1090 707 felices
1123 662 1339 705 rerum
1388 641 1675 725 omnium
1708 640 1792 707 ad
1821 647 1972 705 vota
2003 658 2332 705 successus
2364 635 2614 718 Regiae
2654 633 2811 701 Serti
2869 636 3007 721 ejus

743 738 1206 817 comprecatur,
1255 730 1351 796 ita
1398 730 1817 815 paratissima
1867 730 2082 796 studia
2145 749 2262 791 sua
2323 726 2764 811 reciprocique
2813 725 3007 791 officii

744 830 1127 907 argumenta
1154 822 1327 887 omni
1358 822 1693 887 occasione
1726 820 1954 899 defert,
1986 819 2278 901 illudque
2308 821 2616 881 testatum
2640 837 2780 881 esse
2813 818 3008 899 cupit,

744 934 813 978 se
842 911 1006 978 nihil
1038 913 1385 996 antiquius,
1420 934 1617 995 quam
1648 918 1912 977 mutuae
1963 908 2299 975 affinitatis
2329 908 2604 991 pignora
2633 906 2891 985 habere,
2945 912 3010 971 et

745 1008 905 1068 utre
927 1002 1069 1087 ipsa
1102 1001 1295 1069 Ser‘³¹⁸
1324 1004 1463 1088 ejus
1497 1002 1754 1067 candidi
1787 1002 2148 1083 sincerique
2170 997 2368 1064 animi
2401 998 2501 1061 sui
2532 996 2774 1062 iudicia
2803 997 3004 1061 mani-

748 1093 916 1159 festa
948 1094 1406 1177 deprehendat.

962 1182 1127 1249 Cum
1176 1190 1393 1250 autem
1446 1181 1783 1249 Celsitudo
1835 1180 1969 1247 Sua
2001 1180 2249 1262 Regem
2297 1178 2540 1244 Sei-'⁸¹¹³'
2590 1177 3006 1243 matrimonia

746 1295 1001 1358 quoque
1032 1280 1169 1339 tam
1206 1274 1420 1340 felicia
1472 1279 1844 1357 precantem
1895 1270 2233 1353 intelliget,
2286 1290 2413 1334 non
2445 1275 2660 1355 potest
2693 1270 2849 1351 quin
2879 1288 3006 1333 non

743 1364 906 1430 illud
950 1365 1391 1448 gratissimum
1440 1363 1695 1444 habeat,
1747 1369 1814 1427 et
1864 1382 1903 1425 a
1952 1360 2194 1426 Divina
2243 1358 2596 1445 Majestate
2644 1360 2828 1423 enixe
2861 1374 3010 1423 con-

744 1454 985 1533 tendat,
1036 1460 1111 1519 ut
1158 1454 1242 1519 ad
1293 1455 1569 1519 nominis
1618 1454 1717 1518 sui
1769 1452 2060 1535 gloriam,
2125 1456 2579 1534 tantorumque
2626 1449 3007 1533 Principum

742 1550 1004 1610 mutuae
1034 1545 1537 1629 propinquitatis
1570 1541 1904 1609 commoda
1935 1563 2009 1605 eo
2041 1540 2232 1605 modo
2263 1540 2330 1604 id
2351 1540 2702 1605 secundare
2729 1539 2903 1618 yelit,
2938 1546 3011 1605 ut

744 1634 1057 1701 bonorum
1110 1635 1395 1700 omnium
1446 1635 1525 1700 de
1574 1655 1641 1699 se
1692 1631 2125 1717 expectationi
2190 1630 2696 1696 cumulatissime
2753 1651 3010 1714 semper

748 1725 1122 1791 satisfacere
1156 1727 1376 1811 possit.

963 1812 1085 1897 (In
1115 1814 1324 1901 zzfra)
1365 1814 1697 1899 Quantum
1729 1819 1952 1879 autem
1983 1813 2065 1877 ad
2099 1812 2360 1895 negotia
2392 1831 2558 1894 quae
2607 1812 2750 1895 ipsa
2799 1811 3011 1895 Regia

746 1904 1081 1973 Serenitas
1115 1927 1230 1991 per
1262 1906 1753 1972 Internuncium
1800 1904 2204 1970 comunicare
2235 1900 2456 1979 voluit,
2489 1922 2566 1966 ea
2596 1902 2876 1967 maxime
2909 1922 3009 1967 ar-

745 1996 875 2061 dua
907 2018 1151 2061 summe
1184 2018 1431 2079 aequae
1464 1995 1994 2061 considerationis
2027 2014 2164 2059 esse
2185 1993 2501 2077 cognovit,
2522 2012 2599 2056 ac
2617 1992 2780 2057 nihil
2802 1994 3010 2075 magis

744 2088 813 2151 in
842 2087 1007 2152 votis
1038 2086 1251 2169 habet,
1290 2108 1487 2170 quam
1519 2093 1594 2151 ut
1624 2092 1947 2150 terrarum
1979 2085 2276 2149 universo
2310 2081 2450 2147 orbi
2483 2087 2747 2161 constet,
2782 2086 3027 2166 quanti·

743 2178 996 2243 excelsa
1015 2177 1261 2261 Regiae
1281 2175 1664 2243 Serenitatis
1698 2174 1968 2240 consilia
1997 2172 2254 2239 estimet
2285 2173 2627 2256 omniaque
2661 2173 2744 2238 ad
2777 2172 3008 2239 felicis-

744 2268 975 2333 simum
1042 2266 1233 2332 finem
1296 2267 1524 2332 deduci
1586 2265 1893 2332 ardenter
1955 2270 2231 2349 exoptet.
2311 2260 2486 2328 Nam
2549 2264 2669 2328 etsi
2731 2263 3009 2329 nominis

744 2356 1045 2441 splendor
1077 2378 1154 2422 ac
1170 2378 1385 2422 rerum
1406 2364 1734 2440 gestarum
1766 2355 1974 2439 gloria
1993 2376 2123 2438 qua
2143 2354 2356 2438 Regia
2381 2351 2713 2419 Serenitas
2745 2353 3006 2437 publico

744 2447 965 2513 mundi
1029 2446 1334 2531 suffragio
1410 2446 1715 2513 inclaruit
1779 2444 2246 2511 Celsitudinem
2314 2442 2514 2510 Suam
2585 2464 2714 2508 non
2777 2445 3010 2528 exigua

746 2536 1171 2603 admiratione
1221 2538 1567 2621 percellat3
1615 2543 1751 2602 tam
1788 2536 1857 2601 in
1907 2556 1981 2601 eo
2012 2536 2151 2618 ipso
2203 2540 2466 2599 cunctas
2517 2534 2742 2599 laudes
2793 2557 3011 2619 super-

745 2650 1035 2717 gressam
1086 2628 1460 2707 arbitratur,
1530 2628 1701 2712 quod
1766 2633 1864 2693 tot
1923 2626 2193 2691 virtutes
2255 2624 2818 2711 imcomparabiles
2876 2626 3011 2692 ani-

744 2741 1049 2803 mumque
1082 2738 1425 2804 oppressae
1472 2719 1794 2785 libertatis
1845 2717 2162 2782 vindicem
2197 2715 2584 2782 acerrimum
2635 2717 2845 2798 gloria
2881 2717 3008 2781 Dei

748 2809 989 2875 afflicto
1020 2811 1317 2878 Romano
1346 2809 1632 2893 Imperio
1670 2811 1922 2892 totique
1953 2807 2120 2872 bono
2154 2813 2220 2872 et
2254 2827 2486 2872 causae
2519 2806 2839 2872 communi
2873 2813 3008 2872 tam

746 2906 968 2967 sancto
1019 2908 1252 2966 conatu
1302 2901 1564 2978 voverit,
1616 2905 1683 2964 et
1713 2899 2122 2964 consecrarit.
2172 2897 2264 2961 Et
2297 2897 2465 2962 enim
2499 2898 2554 2962 si
2587 2898 2833 2963 externi
2886 2898 3012 2963 Re-

745 3011 857 3074 ges
908 2988 1300 3056 Germaniae
1360 2996 1555 3055 ruent
1572 3041 1899 3054 ......
1964 3009 2262 3054 numeros
2315 2987 2696 3072 subjiciant3
2758 2987 3008 3054 nullum

746 3082 1001 3146 omnino
1022 3081 1289 3148 dubium
1310 3087 1408 3146 est
1427 3081 1583 3164 quin
1612 3078 2320 3163 Austriae-Hispaniae
2352 3078 2603 3143 Domus
2624 3077 3012 3144 inexhausta

746 3169 1119 3237 dominandi
1150 3171 1417 3237 libidine
1448 3189 1719 3236 accensa
1739 3177 1840 3234 tot
1870 3169 2249 3253 Principum
2271 3169 2452 3252 antiq
2463 3189 2577 3234 uas
2610 3168 3013 3254 splendidas-

749 3283 874 3344 que
906 3260 1203 3340 familia5‚
1254 3267 1352 3326 tot
1380 3266 1673 3346 potentes
1706 3266 1772 3325 et
1800 3259 2049 3325 validas
2088 3259 2399 3338 civitates,
2450 3264 2551 3323 tot
2579 3259 3012 3325 fertilissimas

747 3357 942 3435 atque
992 3351 1299 3418 florentes
1342 3351 1705 3436 provincias
1755 3349 2102 3416 crudeliter
2151 3355 2455 3426 evertere,
2502 3348 2696 3433 legeS,
2745 3349 2898 3434 jura
2945 3356 3013 3415 et

746 3442 1183 3507 immunitates
1214 3440 1461 3520 tollere,
1497 3463 1683 3507 sacra
1713 3440 2019 3525 profanis,
2050 3441 2182 3505 ima
2214 3439 2479 3505 summis
2511 3441 2778 3504 miscere
2811 3441 3010 3505 omni·

746 3531 993 3615 busque
1024 3533 1091 3596 in
1113 3533 1485 3597 servitutem
1518 3531 1816 3613 redactiS,
1847 3531 2006 3614 ipsis
2036 3529 2296 3594 tandem
2331 3529 2667 3594 animabus
2689 3531 3011 3596 conscien-

746 3622 984 3706 tiisque
1030 3623 1353 3706 imperare
1402 3644 1520 3704 pro
1570 3621 1815 3687 viribus
1866 3626 2179 3686 conatura
2211 3621 2313 3699 sit,
2371 3618 2573 3685 donec
2620 3619 2819 3703 pestis
2851 3620 3013 3686 haec

747 3712 1019 3777 ulterius
1070 3718 1304 3797 serpat,
1352 3711 1774 3795 finitimisque
1826 3711 2071 3794 Regnis
2122 3732 2266 3775 cum
2315 3716 2496 3775 tactu
2545 3700 2794 3792 noceat}
2842 3710 3012 3795 quod

746 3801 988 3866 malum
1020 3823 1096 3868 eo
1126 3803 1413 3886 graviuS,
1453 3824 1579 3886 quo
1610 3802 1966 3886 promtiora
2007 3800 2406 3868 Clericorum
2437 3800 2681 3866 auxilia
2729 3807 2794 3866 et
2823 3801 3012 3867 Prin-

747 3893 961 3976 cipum
1010 3898 1375 3958 nostrorum
1421 3894 1629 3976 magis
1677 3892 2033 3976 profundae
2079 3891 2498 3956 emulationes
2547 3897 2742 3974 atque
2773 3891 3012 3957 discor-

746 3981 909 4048 diae.
961 3981 1211 4067 Quibus
1262 3990 1514 4048 mature
1565 3983 1917 4048 observatis
1955 3983 2170 4047 hostes
2203 3983 2270 4046 in
2301 3981 2651 4067 perniciem
2682 3981 3008 4065 publicam

746 4072 913 4137 mira
975 4074 1329 4139 calliditate
1390 4095 1558 4152 usos,
1607 4073 1809 4138 donec.
1854 4073 2182 4156 insperato
2234 4093 2527 4139 successu
2579 4071 2662 4136 ad
2710 4071 3012 4137 formida-

746 4161 945 4228 bilem
978 4165 1338 4248 potentiam
1372 4169 1437 4227 et
1465 4164 1978 4248 magnitudinem
2027 4165 2196 4228 viam
2244 4163 2365 4228 sibi
2413 4163 2794 4242 straverint3
2841 4163 3011 4228 unde

747 4273 877 4316 non
925 4255 1245 4320 immerito
1307 4261 1637 4319 statuatur
1698 4260 1850 4318 ante
1915 4254 2074 4319 actis
2129 4254 2520 4338 temporibus
2583 4252 3010 4335 gerendarum

748 4363 966 4407 rerum
1017 4347 1378 4410 occasiones
1430 4344 1910 4428 amplectendas
1959 4343 2175 4425 fuisse,
2245 4350 2459 4410 actum
2509 4343 2576 4407 in
2627 4343 2850 4425 primis
2914 4365 3010 4408 so-

745 4433 957 4498 lemne
990 4433 1210 4500 foedus
1264 4433 1768 4517 percutiendum,
1820 4456 1964 4500 cum
2014 4434 2429 4500 Palatinatus
2477 4433 2686 4498 adhuc
2733 4432 3008 4512 floreret,
