<?xml version="1.0" encoding="UTF-8"?>
<!DOCTYPE html PUBLIC "-//W3C//DTD XHTML 1.0 Transitional//EN"
    "http://www.w3.org/TR/xhtml1/DTD/xhtml1-transitional.dtd">
<html xmlns="http://www.w3.org/1999/xhtml" xml:lang="en" lang="en">
 <head>
  <title>
</title>
<meta http-equiv="Content-Type" content="text/html;charset=utf-8" />
  <meta name='ocr-system' content='tesseract 3.04.00' />
  <meta name='ocr-capabilities' content='ocr_page ocr_carea ocr_par ocr_line ocrx_word'/>
</head>
<body>
  <div class='ocr_page' id='page_1' title='image "./diplomatariumre00vgoog_0685.png"; bbox 0 0 3459 5300; ppageno 0'>
   <div class='ocr_carea' id='block_1_1' title="bbox 1107 385 2627 442">
    <p class='ocr_par' dir='ltr' id='par_1_1' title="bbox 1107 385 2627 442">
     <span class='ocr_line' id='line_1_1' title="bbox 1107 385 2627 442; baseline 0 -1"><span class='ocrx_word' id='word_1_1' title='bbox 1107 387 1294 442; x_wconf 78' lang='lat'><strong>1626.</strong></span> <span class='ocrx_word' id='word_1_2' title='bbox 1337 407 1682 442; x_wconf 65' lang='lat' dir='ltr'>sznrrimnsn</span> <span class='ocrx_word' id='word_1_3' title='bbox 1751 389 1847 442; x_wconf 83' lang='lat'>21.</span> <span class='ocrx_word' id='word_1_4' title='bbox 2288 385 2321 405; x_wconf 77' lang='lat'><strong><em>‘</em></strong></span> <span class='ocrx_word' id='word_1_5' title='bbox 2510 387 2627 442; x_wconf 73' lang='lat'>6371</span> 
     </span>
    </p>
   </div>
   <div class='ocr_carea' id='block_1_2' title="bbox 367 559 2643 4617">
    <p class='ocr_par' dir='ltr' id='par_1_2' title="bbox 367 559 2643 4617">
     <span class='ocr_line' id='line_1_2' title="bbox 367 559 2634 644; baseline 0 -20"><span class='ocrx_word' id='word_1_6' title='bbox 367 567 614 644; x_wconf 77' lang='lat' dir='ltr'><strong>septem</strong></span> <span class='ocrx_word' id='word_1_7' title='bbox 645 561 846 625; x_wconf 87' lang='lat' dir='ltr'>muris</span> <span class='ocrx_word' id='word_1_8' title='bbox 907 560 1252 625; x_wconf 80' lang='lat' dir='ltr'><strong>admodum</strong></span> <span class='ocrx_word' id='word_1_9' title='bbox 1285 561 1648 626; x_wconf 80' lang='lat' dir='ltr'>fortissimis</span> <span class='ocrx_word' id='word_1_10' title='bbox 1698 561 1785 624; x_wconf 92' lang='lat' dir='ltr'>sit</span> <span class='ocrx_word' id='word_1_11' title='bbox 1836 559 2233 623; x_wconf 85' lang='lat' dir='ltr'>circumdata</span> <span class='ocrx_word' id='word_1_12' title='bbox 2282 565 2347 624; x_wconf 85' lang='lat' dir='ltr'>et</span> <span class='ocrx_word' id='word_1_13' title='bbox 2398 560 2634 626; x_wconf 85' lang='lat' dir='ltr'>fossam</span> 
     </span>
     <span class='ocr_line' id='line_1_3' title="bbox 367 649 2635 734; baseline 0 -20"><span class='ocrx_word' id='word_1_14' title='bbox 367 652 709 734; x_wconf 73' lang='lat' dir='ltr'>aquariam</span> <span class='ocrx_word' id='word_1_15' title='bbox 771 658 968 734; x_wconf 88' lang='lat' dir='ltr'>atque</span> <span class='ocrx_word' id='word_1_16' title='bbox 1032 651 1516 734; x_wconf 85' lang='lat' dir='ltr'>propugnacula</span> <span class='ocrx_word' id='word_1_17' title='bbox 1577 650 1817 716; x_wconf 85' lang='lat' dir='ltr'>habeat</span> <span class='ocrx_word' id='word_1_18' title='bbox 1853 649 2303 728; x_wconf 88' lang='lat' dir='ltr'>munitissima,</span> <span class='ocrx_word' id='word_1_19' title='bbox 2386 652 2635 716; x_wconf 76' lang='lat' dir='ltr'>incolae</span> 
     </span>
     <span class='ocr_line' id='line_1_4' title="bbox 367 739 2634 824; baseline 0 -19"><span class='ocrx_word' id='word_1_20' title='bbox 367 740 504 822; x_wconf 88' lang='lat' dir='ltr'>ejus</span> <span class='ocrx_word' id='word_1_21' title='bbox 539 740 988 805; x_wconf 81' lang='lat' dir='ltr'>admirabilem</span> <span class='ocrx_word' id='word_1_22' title='bbox 1020 762 1173 806; x_wconf 89' lang='lat' dir='ltr'>sane</span> <span class='ocrx_word' id='word_1_23' title='bbox 1235 741 1561 806; x_wconf 86' lang='lat' dir='ltr'>fortunam</span> <span class='ocrx_word' id='word_1_24' title='bbox 1595 742 1797 824; x_wconf 87' lang='lat' dir='ltr'>Regis</span> <span class='ocrx_word' id='word_1_25' title='bbox 1829 739 2129 804; x_wconf 89' lang='lat' dir='ltr'>manibus</span> <span class='ocrx_word' id='word_1_26' title='bbox 2161 741 2365 823; x_wconf 87' lang='lat' dir='ltr'>ipsius</span> <span class='ocrx_word' id='word_1_27' title='bbox 2400 741 2634 806; x_wconf 87' lang='lat' dir='ltr'>submi-</span> 
     </span>
     <span class='ocr_line' id='line_1_5' title="bbox 367 830 2633 916; baseline 0.001 -21"><span class='ocrx_word' id='word_1_28' title='bbox 367 839 608 909; x_wconf 90' lang='lat' dir='ltr'>serunt,</span> <span class='ocrx_word' id='word_1_29' title='bbox 628 853 822 916; x_wconf 86' lang='lat' dir='ltr'>super</span> <span class='ocrx_word' id='word_1_30' title='bbox 854 853 983 915; x_wconf 85' lang='lat' dir='ltr'>qua</span> <span class='ocrx_word' id='word_1_31' title='bbox 1016 855 1086 896; x_wconf 88' lang='lat' dir='ltr'>re</span> <span class='ocrx_word' id='word_1_32' title='bbox 1117 833 1328 897; x_wconf 89' lang='lat' dir='ltr'>cuncti</span> <span class='ocrx_word' id='word_1_33' title='bbox 1364 832 1607 896; x_wconf 83' lang='lat' dir='ltr'>ordinis</span> <span class='ocrx_word' id='word_1_34' title='bbox 1654 831 1941 896; x_wconf 91' lang='lat' dir='ltr'>homines</span> <span class='ocrx_word' id='word_1_35' title='bbox 1973 830 2297 895; x_wconf 89' lang='lat' dir='ltr'>mirantur</span> <span class='ocrx_word' id='word_1_36' title='bbox 2332 833 2633 897; x_wconf 85' lang='lat' dir='ltr'>universa</span> 
     </span>
     <span class='ocr_line' id='line_1_6' title="bbox 367 921 2633 1006; baseline -0 -19"><span class='ocrx_word' id='word_1_37' title='bbox 367 923 570 1006; x_wconf 85' lang='lat' dir='ltr'>Regis</span> <span class='ocrx_word' id='word_1_38' title='bbox 603 923 888 1006; x_wconf 85' lang='lat' dir='ltr'>reposita</span> <span class='ocrx_word' id='word_1_39' title='bbox 940 923 1193 1005; x_wconf 87' lang='lat' dir='ltr'>aliquot</span> <span class='ocrx_word' id='word_1_40' title='bbox 1242 921 1488 989; x_wconf 85' lang='lat' dir='ltr'>scilicet</span> <span class='ocrx_word' id='word_1_41' title='bbox 1535 922 1855 986; x_wconf 88' lang='lat' dir='ltr'>milliones</span> <span class='ocrx_word' id='word_1_42' title='bbox 1896 921 1981 984; x_wconf 90' lang='lat' dir='ltr'>ibi</span> <span class='ocrx_word' id='word_1_43' title='bbox 1982 971 2269 986; x_wconf 20' lang='lat'><strong>.......</strong></span> <span class='ocrx_word' id='word_1_44' title='bbox 2318 945 2463 988; x_wconf 89' lang='lat' dir='ltr'>cum</span> <span class='ocrx_word' id='word_1_45' title='bbox 2496 924 2633 1005; x_wconf 86' lang='lat' dir='ltr'>qui-</span> 
     </span>
     <span class='ocr_line' id='line_1_7' title="bbox 370 1010 2635 1096; baseline 0 -20"><span class='ocrx_word' id='word_1_46' title='bbox 370 1013 488 1077; x_wconf 89' lang='lat' dir='ltr'>bus</span> <span class='ocrx_word' id='word_1_47' title='bbox 537 1013 754 1078; x_wconf 89' lang='lat' dir='ltr'>decem</span> <span class='ocrx_word' id='word_1_48' title='bbox 817 1018 883 1078; x_wconf 90' lang='lat' dir='ltr'>et</span> <span class='ocrx_word' id='word_1_49' title='bbox 947 1013 1230 1095; x_wconf 85' lang='lat' dir='ltr'>quinque</span> <span class='ocrx_word' id='word_1_50' title='bbox 1294 1012 1498 1076; x_wconf 87' lang='lat' dir='ltr'>millia</span> <span class='ocrx_word' id='word_1_51' title='bbox 1559 1010 1947 1077; x_wconf 75' lang='lat' dir='ltr'>bellatorum</span> <span class='ocrx_word' id='word_1_52' title='bbox 1987 1012 2382 1095; x_wconf 88' lang='lat' dir='ltr'>conscripsit,</span> <span class='ocrx_word' id='word_1_53' title='bbox 2416 1013 2635 1096; x_wconf 88' lang='lat' dir='ltr'>sicque</span> 
     </span>
     <span class='ocr_line' id='line_1_8' title="bbox 370 1102 2637 1171; baseline -0.001 -2"><span class='ocrx_word' id='word_1_54' title='bbox 370 1105 554 1169; x_wconf 86' lang='lat' dir='ltr'>auxit</span> <span class='ocrx_word' id='word_1_55' title='bbox 586 1127 775 1168; x_wconf 88' lang='lat' dir='ltr'>suum</span> <span class='ocrx_word' id='word_1_56' title='bbox 809 1104 1180 1167; x_wconf 85' lang='lat' dir='ltr'>exercitum.</span> <span class='ocrx_word' id='word_1_57' title='bbox 1245 1102 1782 1168; x_wconf 83' lang='lat' dir='ltr'>Davozlcaiouses</span> <span class='ocrx_word' id='word_1_58' title='bbox 1815 1109 1950 1167; x_wconf 87' lang='lat' dir='ltr'>tam</span> <span class='ocrx_word' id='word_1_59' title='bbox 2002 1123 2041 1166; x_wconf 88' lang='lat' dir='ltr'>a</span> <span class='ocrx_word' id='word_1_60' title='bbox 2092 1103 2257 1166; x_wconf 87' lang='lat' dir='ltr'>mari</span> <span class='ocrx_word' id='word_1_61' title='bbox 2308 1109 2373 1167; x_wconf 90' lang='lat' dir='ltr'>et</span> <span class='ocrx_word' id='word_1_62' title='bbox 2404 1103 2637 1171; x_wconf 86' lang='lat' dir='ltr'>Vistra</span> 
     </span>
     <span class='ocr_line' id='line_1_9' title="bbox 369 1191 2639 1277; baseline 0 -20"><span class='ocrx_word' id='word_1_63' title='bbox 369 1193 579 1272; x_wconf 85' lang='lat' dir='ltr'>fluvi0,</span> <span class='ocrx_word' id='word_1_64' title='bbox 614 1215 808 1274; x_wconf 85' lang='lat' dir='ltr'>quam</span> <span class='ocrx_word' id='word_1_65' title='bbox 843 1195 1037 1258; x_wconf 87' lang='lat' dir='ltr'>etiam</span> <span class='ocrx_word' id='word_1_66' title='bbox 1072 1217 1111 1258; x_wconf 87' lang='lat' dir='ltr'>a</span> <span class='ocrx_word' id='word_1_67' title='bbox 1144 1194 1312 1258; x_wconf 87' lang='lat' dir='ltr'>sicco</span> <span class='ocrx_word' id='word_1_68' title='bbox 1346 1193 1676 1277; x_wconf 89' lang='lat' dir='ltr'>prohibuit</span> <span class='ocrx_word' id='word_1_69' title='bbox 1709 1200 1775 1257; x_wconf 92' lang='lat' dir='ltr'>et</span> <span class='ocrx_word' id='word_1_70' title='bbox 1823 1211 2025 1272; x_wconf 85' lang='lat' dir='ltr'>usque</span> <span class='ocrx_word' id='word_1_71' title='bbox 2059 1191 2219 1256; x_wconf 87' lang='lat' dir='ltr'>adeo</span> <span class='ocrx_word' id='word_1_72' title='bbox 2284 1195 2639 1259; x_wconf 87' lang='lat' dir='ltr'>coarctavit</span> 
     </span>
     <span class='ocr_line' id='line_1_10' title="bbox 371 1283 2637 1365; baseline 0 -18"><span class='ocrx_word' id='word_1_73' title='bbox 371 1305 477 1347; x_wconf 89' lang='lat' dir='ltr'>eos</span> <span class='ocrx_word' id='word_1_74' title='bbox 525 1290 599 1349; x_wconf 91' lang='lat' dir='ltr'>ut</span> <span class='ocrx_word' id='word_1_75' title='bbox 637 1285 948 1348; x_wconf 74' lang='lat' dir='ltr'>hactenus</span> <span class='ocrx_word' id='word_1_76' title='bbox 983 1283 1060 1348; x_wconf 88' lang='lat' dir='ltr'>de</span> <span class='ocrx_word' id='word_1_77' title='bbox 1094 1306 1350 1348; x_wconf 79' lang='lat' dir='ltr'>necesse</span> <span class='ocrx_word' id='word_1_78' title='bbox 1402 1283 1605 1348; x_wconf 83' lang='lat' dir='ltr'>eoacti</span> <span class='ocrx_word' id='word_1_79' title='bbox 1655 1285 1787 1348; x_wconf 89' lang='lat' dir='ltr'>sint</span> <span class='ocrx_word' id='word_1_80' title='bbox 1817 1284 2031 1347; x_wconf 85' lang='lat' dir='ltr'>iurare</span> <span class='ocrx_word' id='word_1_81' title='bbox 2083 1283 2469 1365; x_wconf 79' lang='lat' dir='ltr'>homagium.</span> <span class='ocrx_word' id='word_1_82' title='bbox 2535 1286 2637 1351; x_wconf 83' lang='lat' dir='ltr'>Oi-</span> 
     </span>
     <span class='ocr_line' id='line_1_11' title="bbox 368 1371 2632 1457; baseline 0.001 -20"><span class='ocrx_word' id='word_1_83' title='bbox 368 1375 636 1439; x_wconf 86' lang='lat' dir='ltr'>vitatem</span> <span class='ocrx_word' id='word_1_84' title='bbox 687 1373 1071 1438; x_wconf 80' lang='lat' dir='ltr'>&#39;Porroniam</span> <span class='ocrx_word' id='word_1_85' title='bbox 1124 1375 1378 1438; x_wconf 86' lang='lat' dir='ltr'>nomine</span> <span class='ocrx_word' id='word_1_86' title='bbox 1441 1374 1524 1438; x_wconf 86' lang='lat' dir='ltr'>ad</span> <span class='ocrx_word' id='word_1_87' title='bbox 1587 1375 1796 1456; x_wconf 88' lang='lat' dir='ltr'>ripam</span> <span class='ocrx_word' id='word_1_88' title='bbox 1839 1373 2014 1436; x_wconf 86' lang='lat' dir='ltr'>fluvii</span> <span class='ocrx_word' id='word_1_89' title='bbox 2065 1371 2295 1440; x_wconf 86' lang='lat' dir='ltr'>Viztra</span> <span class='ocrx_word' id='word_1_90' title='bbox 2357 1376 2632 1457; x_wconf 76' lang='lat' dir='ltr'>positam</span> 
     </span>
     <span class='ocr_line' id='line_1_12' title="bbox 371 1463 2639 1546; baseline 0 -18"><span class='ocrx_word' id='word_1_91' title='bbox 371 1469 522 1529; x_wconf 80' lang='lat' dir='ltr'>ante</span> <span class='ocrx_word' id='word_1_92' title='bbox 565 1464 780 1530; x_wconf 83' lang='lat' dir='ltr'>decem</span> <span class='ocrx_word' id='word_1_93' title='bbox 820 1472 886 1529; x_wconf 87' lang='lat' dir='ltr'>et</span> <span class='ocrx_word' id='word_1_94' title='bbox 921 1471 1164 1546; x_wconf 80' lang='lat' dir='ltr'>septem</span> <span class='ocrx_word' id='word_1_95' title='bbox 1218 1464 1352 1528; x_wconf 89' lang='lat' dir='ltr'>dics</span> <span class='ocrx_word' id='word_1_96' title='bbox 1403 1464 1636 1528; x_wconf 85' lang='lat' dir='ltr'>devicit</span> <span class='ocrx_word' id='word_1_97' title='bbox 1686 1487 1849 1546; x_wconf 82' lang='lat' dir='ltr'>quae</span> <span class='ocrx_word' id='word_1_98' title='bbox 1891 1487 1930 1529; x_wconf 86' lang='lat' dir='ltr'>a</span> <span class='ocrx_word' id='word_1_99' title='bbox 1963 1463 2027 1530; x_wconf 82' lang='lat' dir='ltr'><strong>V</strong></span> <span class='ocrx_word' id='word_1_100' title='bbox 2030 1463 2286 1528; x_wconf 84' lang='lat' dir='ltr'>arsavia</span> <span class='ocrx_word' id='word_1_101' title='bbox 2320 1464 2541 1529; x_wconf 85' lang='lat' dir='ltr'>decem</span> <span class='ocrx_word' id='word_1_102' title='bbox 2574 1472 2639 1529; x_wconf 91' lang='lat' dir='ltr'>et</span> 
     </span>
     <span class='ocr_line' id='line_1_13' title="bbox 370 1553 2636 1638; baseline 0.001 -20"><span class='ocrx_word' id='word_1_103' title='bbox 370 1562 516 1618; x_wconf 88' lang='lat' dir='ltr'>octo</span> <span class='ocrx_word' id='word_1_104' title='bbox 547 1553 937 1620; x_wconf 77' lang='lat' dir='ltr'>milliaribus</span> <span class='ocrx_word' id='word_1_105' title='bbox 971 1555 1298 1620; x_wconf 80' lang='lat' dir='ltr'>Polonieis</span> <span class='ocrx_word' id='word_1_106' title='bbox 1332 1554 1546 1618; x_wconf 86' lang='lat' dir='ltr'>distat.</span> <span class='ocrx_word' id='word_1_107' title='bbox 1613 1553 1715 1618; x_wconf 84' lang='lat' dir='ltr'>De</span> <span class='ocrx_word' id='word_1_108' title='bbox 1749 1555 1929 1638; x_wconf 76' lang='lat' dir='ltr'>Rege</span> <span class='ocrx_word' id='word_1_109' title='bbox 1964 1553 2217 1618; x_wconf 82' lang='lat' dir='ltr'>Svetiae</span> <span class='ocrx_word' id='word_1_110' title='bbox 2250 1553 2411 1620; x_wconf 84' lang='lat' dir='ltr'>haec</span> <span class='ocrx_word' id='word_1_111' title='bbox 2442 1557 2636 1620; x_wconf 80' lang='lat' dir='ltr'>veris-</span> 
     </span>
     <span class='ocr_line' id='line_1_14' title="bbox 371 1644 2638 1728; baseline -0 -18"><span class='ocrx_word' id='word_1_112' title='bbox 371 1647 537 1710; x_wconf 87' lang='lat' dir='ltr'>sima</span> <span class='ocrx_word' id='word_1_113' title='bbox 597 1652 766 1724; x_wconf 82' lang='lat' dir='ltr'>sunt,</span> <span class='ocrx_word' id='word_1_114' title='bbox 831 1667 998 1728; x_wconf 86' lang='lat' dir='ltr'>quae</span> <span class='ocrx_word' id='word_1_115' title='bbox 1062 1645 1318 1727; x_wconf 87' lang='lat' dir='ltr'>quidem</span> <span class='ocrx_word' id='word_1_116' title='bbox 1383 1667 1578 1726; x_wconf 86' lang='lat' dir='ltr'>quam</span> <span class='ocrx_word' id='word_1_117' title='bbox 1629 1645 1908 1708; x_wconf 89' lang='lat' dir='ltr'>multum</span> <span class='ocrx_word' id='word_1_118' title='bbox 1969 1644 2273 1709; x_wconf 84' lang='lat' dir='ltr'>utilitatis</span> <span class='ocrx_word' id='word_1_119' title='bbox 2336 1646 2638 1711; x_wconf 86' lang='lat' dir='ltr'>adferant</span> 
     </span>
     <span class='ocr_line' id='line_1_15' title="bbox 369 1733 2639 1818; baseline 0 -18"><span class='ocrx_word' id='word_1_120' title='bbox 369 1736 656 1818; x_wconf 90' lang='lat' dir='ltr'>Imperio</span> <span class='ocrx_word' id='word_1_121' title='bbox 684 1733 1114 1812; x_wconf 87' lang='lat' dir='ltr'>Ottomanico,</span> <span class='ocrx_word' id='word_1_122' title='bbox 1148 1741 1372 1799; x_wconf 88' lang='lat' dir='ltr'>contra</span> <span class='ocrx_word' id='word_1_123' title='bbox 1405 1735 1682 1799; x_wconf 86' lang='lat' dir='ltr'>Polonos</span> <span class='ocrx_word' id='word_1_124' title='bbox 1715 1757 1791 1799; x_wconf 89' lang='lat' dir='ltr'>ac</span> <span class='ocrx_word' id='word_1_125' title='bbox 1824 1733 2153 1812; x_wconf 77' lang='lat' dir='ltr'>CosaccoS,</span> <span class='ocrx_word' id='word_1_126' title='bbox 2189 1755 2313 1799; x_wconf 88' lang='lat' dir='ltr'>non</span> <span class='ocrx_word' id='word_1_127' title='bbox 2349 1742 2446 1800; x_wconf 88' lang='lat' dir='ltr'>est</span> <span class='ocrx_word' id='word_1_128' title='bbox 2476 1737 2639 1800; x_wconf 84' lang='lat' dir='ltr'>disfi-</span> 
     </span>
     <span class='ocr_line' id='line_1_16' title="bbox 372 1824 2637 1909; baseline 0 -19"><span class='ocrx_word' id='word_1_129' title='bbox 372 1826 496 1890; x_wconf 89' lang='lat' dir='ltr'>cile</span> <span class='ocrx_word' id='word_1_130' title='bbox 532 1826 835 1909; x_wconf 88' lang='lat' dir='ltr'>cogitatu.</span> <span class='ocrx_word' id='word_1_131' title='bbox 869 1826 1237 1908; x_wconf 80' lang='lat' dir='ltr'>Principem</span> <span class='ocrx_word' id='word_1_132' title='bbox 1271 1825 1777 1889; x_wconf 85' lang='lat' dir='ltr'>Moscovieuscm</span> <span class='ocrx_word' id='word_1_133' title='bbox 1826 1827 2020 1889; x_wconf 84' lang='lat' dir='ltr'>etiam</span> <span class='ocrx_word' id='word_1_134' title='bbox 2054 1824 2247 1889; x_wconf 87' lang='lat' dir='ltr'>iidem</span> <span class='ocrx_word' id='word_1_135' title='bbox 2283 1825 2495 1908; x_wconf 84' lang='lat' dir='ltr'>Reges</span> <span class='ocrx_word' id='word_1_136' title='bbox 2527 1827 2637 1890; x_wconf 91' lang='lat' dir='ltr'>ad-</span> 
     </span>
     <span class='ocr_line' id='line_1_17' title="bbox 373 1915 2639 1998; baseline 0 -17"><span class='ocrx_word' id='word_1_137' title='bbox 373 1916 740 1981; x_wconf 86' lang='lat' dir='ltr'>animantes</span> <span class='ocrx_word' id='word_1_138' title='bbox 803 1918 940 1998; x_wconf 89' lang='lat' dir='ltr'>ipse</span> <span class='ocrx_word' id='word_1_139' title='bbox 995 1937 1252 1998; x_wconf 85' lang='lat' dir='ltr'>quoque</span> <span class='ocrx_word' id='word_1_140' title='bbox 1305 1915 1492 1980; x_wconf 84' lang='lat' dir='ltr'>Zniol</span> <span class='ocrx_word' id='word_1_141' title='bbox 1513 1965 1703 1980; x_wconf 89' lang='grc'><strong>.....</strong></span> <span class='ocrx_word' id='word_1_142' title='bbox 1721 1937 1825 1978; x_wconf 84' lang='lat' dir='ltr'>am</span> <span class='ocrx_word' id='word_1_143' title='bbox 1878 1915 2143 1980; x_wconf 85' lang='lat' dir='ltr'>obsedit.</span> <span class='ocrx_word' id='word_1_144' title='bbox 2207 1916 2288 1980; x_wconf 90' lang='lat' dir='ltr'>In</span> <span class='ocrx_word' id='word_1_145' title='bbox 2322 1917 2639 1981; x_wconf 84' lang='lat' dir='ltr'>Flandria</span> 
     </span>
     <span class='ocr_line' id='line_1_18' title="bbox 371 2005 2636 2089; baseline 0.001 -19"><span class='ocrx_word' id='word_1_146' title='bbox 371 2006 675 2070; x_wconf 88' lang='lat' dir='ltr'>similiter</span> <span class='ocrx_word' id='word_1_147' title='bbox 725 2006 892 2070; x_wconf 88' lang='lat' dir='ltr'>idem</span> <span class='ocrx_word' id='word_1_148' title='bbox 927 2007 1068 2070; x_wconf 84' lang='lat' dir='ltr'>Rex</span> <span class='ocrx_word' id='word_1_149' title='bbox 1123 2005 1388 2070; x_wconf 83' lang='lat' dir='ltr'>Suetiae</span> <span class='ocrx_word' id='word_1_150' title='bbox 1453 2006 1961 2089; x_wconf 83' lang='lat' dir='ltr'>pulcherrimum</span> <span class='ocrx_word' id='word_1_151' title='bbox 2021 2005 2220 2070; x_wconf 87' lang='lat' dir='ltr'>habet</span> <span class='ocrx_word' id='word_1_152' title='bbox 2270 2009 2636 2085; x_wconf 85' lang='lat' dir='ltr'>exercitum,</span> 
     </span>
     <span class='ocr_line' id='line_1_19' title="bbox 372 2096 2640 2180; baseline 0 -20"><span class='ocrx_word' id='word_1_153' title='bbox 372 2103 441 2161; x_wconf 88' lang='lat' dir='ltr'>et</span> <span class='ocrx_word' id='word_1_154' title='bbox 471 2097 565 2162; x_wconf 88' lang='lat' dir='ltr'>sic</span> <span class='ocrx_word' id='word_1_155' title='bbox 597 2096 826 2160; x_wconf 88' lang='lat' dir='ltr'>Poloni</span> <span class='ocrx_word' id='word_1_156' title='bbox 877 2119 954 2160; x_wconf 88' lang='lat' dir='ltr'>ex</span> <span class='ocrx_word' id='word_1_157' title='bbox 1005 2117 1082 2160; x_wconf 91' lang='lat' dir='ltr'>ea</span> <span class='ocrx_word' id='word_1_158' title='bbox 1131 2103 1320 2180; x_wconf 87' lang='lat' dir='ltr'>parte</span> <span class='ocrx_word' id='word_1_159' title='bbox 1353 2097 1636 2178; x_wconf 81' lang='lat' dir='ltr'>triplicia</span> <span class='ocrx_word' id='word_1_160' title='bbox 1684 2101 2013 2160; x_wconf 87' lang='lat' dir='ltr'>metantur</span> <span class='ocrx_word' id='word_1_161' title='bbox 2054 2097 2307 2162; x_wconf 81' lang='lat' dir='ltr'>Castra.</span> <span class='ocrx_word' id='word_1_162' title='bbox 2369 2097 2640 2163; x_wconf 83' lang='lat' dir='ltr'>Habent</span> 
     </span>
     <span class='ocr_line' id='line_1_20' title="bbox 372 2186 2639 2270; baseline 0 -20"><span class='ocrx_word' id='word_1_163' title='bbox 372 2187 612 2250; x_wconf 86' lang='lat' dir='ltr'>milites</span> <span class='ocrx_word' id='word_1_164' title='bbox 645 2187 842 2252; x_wconf 87' lang='lat' dir='ltr'>etiam</span> <span class='ocrx_word' id='word_1_165' title='bbox 874 2186 1204 2256; x_wconf 80' lang='lat' dir='ltr'>ordinatos</span> <span class='ocrx_word' id='word_1_166' title='bbox 1257 2188 1368 2267; x_wconf 87' lang='lat' dir='ltr'>qui</span> <span class='ocrx_word' id='word_1_167' title='bbox 1410 2186 1590 2250; x_wconf 86' lang='lat' dir='ltr'>nobis</span> <span class='ocrx_word' id='word_1_168' title='bbox 1623 2186 1963 2269; x_wconf 83' lang='lat' dir='ltr'>invigilent</span> <span class='ocrx_word' id='word_1_169' title='bbox 1993 2192 2369 2268; x_wconf 84' lang='lat' dir='ltr'>metuenteS‚</span> <span class='ocrx_word' id='word_1_170' title='bbox 2401 2194 2467 2251; x_wconf 88' lang='lat' dir='ltr'>et</span> <span class='ocrx_word' id='word_1_171' title='bbox 2496 2209 2639 2270; x_wconf 92' lang='lat' dir='ltr'>pro-</span> 
     </span>
     <span class='ocr_line' id='line_1_21' title="bbox 377 2275 2637 2361; baseline 0.001 -21"><span class='ocrx_word' id='word_1_172' title='bbox 377 2276 681 2340; x_wconf 88' lang='lat' dir='ltr'>culdubio</span> <span class='ocrx_word' id='word_1_173' title='bbox 713 2275 1044 2342; x_wconf 87' lang='lat' dir='ltr'>credentes</span> <span class='ocrx_word' id='word_1_174' title='bbox 1097 2277 1382 2342; x_wconf 87' lang='lat' dir='ltr'>futuram</span> <span class='ocrx_word' id='word_1_175' title='bbox 1416 2299 1550 2340; x_wconf 85' lang='lat' dir='ltr'>esse</span> <span class='ocrx_word' id='word_1_176' title='bbox 1584 2281 1873 2339; x_wconf 79' lang='lat' dir='ltr'>nostram</span> <span class='ocrx_word' id='word_1_177' title='bbox 1926 2297 2179 2359; x_wconf 87' lang='lat' dir='ltr'>quoque</span> <span class='ocrx_word' id='word_1_178' title='bbox 2231 2277 2299 2341; x_wconf 92' lang='lat' dir='ltr'>in</span> <span class='ocrx_word' id='word_1_179' title='bbox 2338 2279 2511 2361; x_wconf 89' lang='lat' dir='ltr'>ipsos</span> <span class='ocrx_word' id='word_1_180' title='bbox 2546 2278 2637 2342; x_wconf 92' lang='lat' dir='ltr'>in-</span> 
     </span>
     <span class='ocr_line' id='line_1_22' title="bbox 377 2365 2639 2452; baseline 0 -21"><span class='ocrx_word' id='word_1_181' title='bbox 377 2367 740 2447; x_wconf 82' lang='lat' dir='ltr'>vasionem3</span> <span class='ocrx_word' id='word_1_182' title='bbox 790 2368 920 2431; x_wconf 89' lang='lat' dir='ltr'>iam</span> <span class='ocrx_word' id='word_1_183' title='bbox 955 2367 1126 2450; x_wconf 88' lang='lat' dir='ltr'>quod</span> <span class='ocrx_word' id='word_1_184' title='bbox 1159 2369 1209 2431; x_wconf 90' lang='lat' dir='ltr'>si</span> <span class='ocrx_word' id='word_1_185' title='bbox 1247 2373 1310 2431; x_wconf 91' lang='lat' dir='ltr'>et</span> <span class='ocrx_word' id='word_1_186' title='bbox 1357 2367 1618 2432; x_wconf 79' lang='lat' dir='ltr'>Tartari</span> <span class='ocrx_word' id='word_1_187' title='bbox 1653 2365 1943 2432; x_wconf 88' lang='lat' dir='ltr'>unanimi</span> <span class='ocrx_word' id='word_1_188' title='bbox 1976 2387 2286 2432; x_wconf 88' lang='lat' dir='ltr'>consensu</span> <span class='ocrx_word' id='word_1_189' title='bbox 2336 2369 2403 2430; x_wconf 91' lang='lat' dir='ltr'>in</span> <span class='ocrx_word' id='word_1_190' title='bbox 2454 2369 2639 2452; x_wconf 88' lang='lat' dir='ltr'>copia</span> 
     </span>
     <span class='ocr_line' id='line_1_23' title="bbox 374 2456 2639 2540; baseline 0.001 -20"><span class='ocrx_word' id='word_1_191' title='bbox 374 2457 502 2521; x_wconf 87' lang='lat' dir='ltr'>iter</span> <span class='ocrx_word' id='word_1_192' title='bbox 533 2456 1060 2540; x_wconf 83' lang='lat' dir='ltr'>aggrederentur,</span> <span class='ocrx_word' id='word_1_193' title='bbox 1112 2463 1176 2521; x_wconf 88' lang='lat' dir='ltr'>et</span> <span class='ocrx_word' id='word_1_194' title='bbox 1225 2463 1520 2540; x_wconf 87' lang='lat' dir='ltr'>coeptum</span> <span class='ocrx_word' id='word_1_195' title='bbox 1553 2463 1976 2534; x_wconf 86' lang='lat' dir='ltr'>maturarent,</span> <span class='ocrx_word' id='word_1_196' title='bbox 2008 2478 2124 2521; x_wconf 90' lang='lat' dir='ltr'>nec</span> <span class='ocrx_word' id='word_1_197' title='bbox 2171 2458 2431 2522; x_wconf 91' lang='lat' dir='ltr'>unicum</span> <span class='ocrx_word' id='word_1_198' title='bbox 2480 2459 2639 2523; x_wconf 90' lang='lat' dir='ltr'>dun-</span> 
     </span>
     <span class='ocr_line' id='line_1_24' title="bbox 377 2546 2641 2632; baseline 0.001 -21"><span class='ocrx_word' id='word_1_199' title='bbox 377 2553 566 2612; x_wconf 80' lang='lat' dir='ltr'>taxat</span> <span class='ocrx_word' id='word_1_200' title='bbox 598 2548 990 2631; x_wconf 83' lang='lat' dir='ltr'>mancipium</span> <span class='ocrx_word' id='word_1_201' title='bbox 1026 2554 1285 2630; x_wconf 89' lang='lat' dir='ltr'>captum</span> <span class='ocrx_word' id='word_1_202' title='bbox 1335 2546 1603 2611; x_wconf 87' lang='lat' dir='ltr'>reddere</span> <span class='ocrx_word' id='word_1_203' title='bbox 1653 2547 1907 2624; x_wconf 85' lang='lat' dir='ltr'>vellent,</span> <span class='ocrx_word' id='word_1_204' title='bbox 1953 2568 2173 2612; x_wconf 89' lang='lat' dir='ltr'>verum</span> <span class='ocrx_word' id='word_1_205' title='bbox 2204 2547 2271 2612; x_wconf 91' lang='lat' dir='ltr'>in</span> <span class='ocrx_word' id='word_1_206' title='bbox 2304 2548 2489 2632; x_wconf 87' lang='lat' dir='ltr'>pagis</span> <span class='ocrx_word' id='word_1_207' title='bbox 2517 2549 2641 2614; x_wconf 85' lang='lat' dir='ltr'>Po-</span> 
     </span>
     <span class='ocr_line' id='line_1_25' title="bbox 380 2636 2639 2721; baseline 0.001 -20"><span class='ocrx_word' id='word_1_208' title='bbox 380 2637 773 2703; x_wconf 88' lang='lat' dir='ltr'>doliensibus</span> <span class='ocrx_word' id='word_1_209' title='bbox 794 2638 1174 2721; x_wconf 86' lang='lat' dir='ltr'>hiemarent,</span> <span class='ocrx_word' id='word_1_210' title='bbox 1197 2639 1473 2703; x_wconf 80' lang='lat' dir='ltr'>maxime</span> <span class='ocrx_word' id='word_1_211' title='bbox 1506 2637 1791 2721; x_wconf 87' lang='lat' dir='ltr'>profecto</span> <span class='ocrx_word' id='word_1_212' title='bbox 1812 2636 2355 2705; x_wconf 84' lang='lat' dir='ltr'>conturbarentur</span> <span class='ocrx_word' id='word_1_213' title='bbox 2375 2638 2639 2706; x_wconf 89' lang='lat' dir='ltr'>Domini</span> 
     </span>
     <span class='ocr_line' id='line_1_26' title="bbox 377 2728 2639 2812; baseline 0.001 -21"><span class='ocrx_word' id='word_1_214' title='bbox 377 2728 631 2806; x_wconf 88' lang='lat' dir='ltr'>Poloni,</span> <span class='ocrx_word' id='word_1_215' title='bbox 694 2734 760 2792; x_wconf 88' lang='lat' dir='ltr'>et</span> <span class='ocrx_word' id='word_1_216' title='bbox 809 2728 1338 2793; x_wconf 86' lang='lat' dir='ltr'>obliviscerentur</span> <span class='ocrx_word' id='word_1_217' title='bbox 1371 2728 1888 2812; x_wconf 84' lang='lat' dir='ltr'>depopulationis</span> <span class='ocrx_word' id='word_1_218' title='bbox 1921 2728 2164 2812; x_wconf 89' lang='lat' dir='ltr'>Imperi</span> <span class='ocrx_word' id='word_1_219' title='bbox 2228 2728 2639 2795; x_wconf 85' lang='lat' dir='ltr'>Ottomanici.</span> 
     </span>
     <span class='ocr_line' id='line_1_27' title="bbox 377 2817 2639 2902; baseline 0.002 -20"><span class='ocrx_word' id='word_1_220' title='bbox 377 2818 523 2882; x_wconf 85' lang='lat' dir='ltr'>Rex</span> <span class='ocrx_word' id='word_1_221' title='bbox 554 2817 842 2901; x_wconf 88' lang='lat' dir='ltr'>Angliae</span> <span class='ocrx_word' id='word_1_222' title='bbox 874 2818 1324 2901; x_wconf 86' lang='lat' dir='ltr'>amplissimun</span> <span class='ocrx_word' id='word_1_223' title='bbox 1375 2819 1697 2901; x_wconf 82' lang='lat' dir='ltr'>expedivit</span> <span class='ocrx_word' id='word_1_224' title='bbox 1747 2821 1815 2883; x_wconf 91' lang='lat' dir='ltr'>in</span> <span class='ocrx_word' id='word_1_225' title='bbox 1846 2820 2237 2902; x_wconf 86' lang='lat' dir='ltr'>Hispaniam</span> <span class='ocrx_word' id='word_1_226' title='bbox 2270 2821 2639 2900; x_wconf 85' lang='lat' dir='ltr'>exercitum,</span> 
     </span>
     <span class='ocr_line' id='line_1_28' title="bbox 379 2908 2640 2995; baseline 0.001 -23"><span class='ocrx_word' id='word_1_227' title='bbox 379 2909 479 2973; x_wconf 91' lang='lat' dir='ltr'>uti</span> <span class='ocrx_word' id='word_1_228' title='bbox 540 2929 618 2973; x_wconf 87' lang='lat' dir='ltr'>ea</span> <span class='ocrx_word' id='word_1_229' title='bbox 681 2909 762 2973; x_wconf 90' lang='lat' dir='ltr'>de</span> <span class='ocrx_word' id='word_1_230' title='bbox 823 2931 894 2973; x_wconf 88' lang='lat' dir='ltr'>re</span> <span class='ocrx_word' id='word_1_231' title='bbox 944 2908 1320 2974; x_wconf 89' lang='lat' dir='ltr'>informabit</span> <span class='ocrx_word' id='word_1_232' title='bbox 1357 2909 1649 2977; x_wconf 88' lang='lat' dir='ltr'>Vizirum</span> <span class='ocrx_word' id='word_1_233' title='bbox 1713 2909 2032 2974; x_wconf 85' lang='lat' dir='ltr'>Dominus</span> <span class='ocrx_word' id='word_1_234' title='bbox 2065 2908 2309 2975; x_wconf 89' lang='lat' dir='ltr'>Orator</span> <span class='ocrx_word' id='word_1_235' title='bbox 2339 2910 2640 2995; x_wconf 87' lang='lat' dir='ltr'>Angliae.</span> 
     </span>
     <span class='ocr_line' id='line_1_29' title="bbox 377 2996 2639 3083; baseline 0.002 -21"><span class='ocrx_word' id='word_1_236' title='bbox 377 2998 524 3062; x_wconf 86' lang='lat' dir='ltr'>Rex</span> <span class='ocrx_word' id='word_1_237' title='bbox 557 2996 818 3066; x_wconf 79' lang='lat' dir='ltr'>Galliae</span> <span class='ocrx_word' id='word_1_238' title='bbox 849 3000 1075 3083; x_wconf 84' lang='lat' dir='ltr'>viginti</span> <span class='ocrx_word' id='word_1_239' title='bbox 1127 2999 1335 3065; x_wconf 82' lang='lat' dir='ltr'>millia</span> <span class='ocrx_word' id='word_1_240' title='bbox 1381 3000 1658 3063; x_wconf 89' lang='lat' dir='ltr'>militum</span> <span class='ocrx_word' id='word_1_241' title='bbox 1693 2999 2013 3064; x_wconf 89' lang='lat' dir='ltr'>ordinavit</span> <span class='ocrx_word' id='word_1_242' title='bbox 2044 3002 2157 3082; x_wconf 90' lang='lat' dir='ltr'>qui</span> <span class='ocrx_word' id='word_1_243' title='bbox 2191 3008 2367 3066; x_wconf 90' lang='lat' dir='ltr'>certo</span> <span class='ocrx_word' id='word_1_244' title='bbox 2400 3004 2639 3067; x_wconf 88' lang='lat' dir='ltr'>certius</span> 
     </span>
     <span class='ocr_line' id='line_1_30' title="bbox 369 3088 2643 3173; baseline 0.003 -21"><span class='ocrx_word' id='word_1_245' title='bbox 369 3088 510 3170; x_wconf 82' lang='lat' dir='ltr'>jam</span> <span class='ocrx_word' id='word_1_246' title='bbox 561 3088 688 3152; x_wconf 84' lang='lat' dir='ltr'>iter</span> <span class='ocrx_word' id='word_1_247' title='bbox 737 3095 1102 3173; x_wconf 85' lang='lat' dir='ltr'>coeperunt,</span> <span class='ocrx_word' id='word_1_248' title='bbox 1143 3091 1491 3173; x_wconf 83' lang='lat' dir='ltr'>voluntque</span> <span class='ocrx_word' id='word_1_249' title='bbox 1541 3110 1927 3173; x_wconf 86' lang='lat' dir='ltr'>recuperare</span> <span class='ocrx_word' id='word_1_250' title='bbox 1969 3090 2431 3156; x_wconf 87' lang='lat' dir='ltr'>Palatinatum.</span> <span class='ocrx_word' id='word_1_251' title='bbox 2495 3093 2643 3158; x_wconf 84' lang='lat' dir='ltr'>Rex</span> 
     </span>
     <span class='ocr_line' id='line_1_31' title="bbox 376 3176 2639 3265; baseline 0.002 -24"><span class='ocrx_word' id='word_1_252' title='bbox 376 3176 634 3243; x_wconf 87' lang='lat' dir='ltr'>Daniae</span> <span class='ocrx_word' id='word_1_253' title='bbox 665 3179 949 3263; x_wconf 87' lang='lat' dir='ltr'>legiones</span> <span class='ocrx_word' id='word_1_254' title='bbox 999 3201 1148 3244; x_wconf 88' lang='lat' dir='ltr'>suas</span> <span class='ocrx_word' id='word_1_255' title='bbox 1182 3180 1246 3243; x_wconf 90' lang='lat' dir='ltr'>in</span> <span class='ocrx_word' id='word_1_256' title='bbox 1282 3181 1442 3245; x_wconf 89' lang='lat' dir='ltr'>duas</span> <span class='ocrx_word' id='word_1_257' title='bbox 1483 3178 1875 3244; x_wconf 89' lang='lat' dir='ltr'>distribuens</span> <span class='ocrx_word' id='word_1_258' title='bbox 1906 3186 2125 3262; x_wconf 85' lang='lat' dir='ltr'>partes</span> <span class='ocrx_word' id='word_1_259' title='bbox 2175 3203 2251 3246; x_wconf 87' lang='lat' dir='ltr'>ac</span> <span class='ocrx_word' id='word_1_260' title='bbox 2302 3204 2419 3265; x_wconf 89' lang='lat' dir='ltr'>pro</span> <span class='ocrx_word' id='word_1_261' title='bbox 2452 3184 2639 3248; x_wconf 89' lang='lat' dir='ltr'>comi-</span> 
     </span>
     <span class='ocr_line' id='line_1_32' title="bbox 379 3267 2637 3354; baseline 0.003 -23"><span class='ocrx_word' id='word_1_262' title='bbox 379 3267 552 3332; x_wconf 87' lang='lat' dir='ltr'>tibus</span> <span class='ocrx_word' id='word_1_263' title='bbox 585 3290 800 3333; x_wconf 87' lang='lat' dir='ltr'>seeum</span> <span class='ocrx_word' id='word_1_264' title='bbox 831 3270 1058 3353; x_wconf 89' lang='lat' dir='ltr'>viginti</span> <span class='ocrx_word' id='word_1_265' title='bbox 1091 3270 1222 3335; x_wconf 87' lang='lat' dir='ltr'>tria</span> <span class='ocrx_word' id='word_1_266' title='bbox 1253 3270 1460 3336; x_wconf 86' lang='lat' dir='ltr'>millia</span> <span class='ocrx_word' id='word_1_267' title='bbox 1491 3270 1780 3354; x_wconf 88' lang='lat' dir='ltr'>peditum</span> <span class='ocrx_word' id='word_1_268' title='bbox 1815 3276 1881 3335; x_wconf 92' lang='lat' dir='ltr'>et</span> <span class='ocrx_word' id='word_1_269' title='bbox 1930 3292 2155 3337; x_wconf 85' lang='lat' dir='ltr'>novem</span> <span class='ocrx_word' id='word_1_270' title='bbox 2188 3271 2396 3337; x_wconf 88' lang='lat' dir='ltr'>millia</span> <span class='ocrx_word' id='word_1_271' title='bbox 2428 3294 2637 3337; x_wconf 89' lang='lat' dir='ltr'>arma-</span> 
     </span>
     <span class='ocr_line' id='line_1_33' title="bbox 376 3358 2636 3445; baseline 0.002 -22"><span class='ocrx_word' id='word_1_272' title='bbox 376 3364 591 3423; x_wconf 89' lang='lat' dir='ltr'>torum</span> <span class='ocrx_word' id='word_1_273' title='bbox 623 3358 940 3425; x_wconf 88' lang='lat' dir='ltr'>abducere</span> <span class='ocrx_word' id='word_1_274' title='bbox 973 3366 1199 3425; x_wconf 89' lang='lat' dir='ltr'>contra</span> <span class='ocrx_word' id='word_1_275' title='bbox 1231 3361 1531 3427; x_wconf 84' lang='lat' dir='ltr'>Caesaris</span> <span class='ocrx_word' id='word_1_276' title='bbox 1562 3366 1847 3426; x_wconf 87' lang='lat' dir='ltr'>turmam</span> <span class='ocrx_word' id='word_1_277' title='bbox 1880 3383 1914 3425; x_wconf 91' lang='lat' dir='ltr'>e</span> <span class='ocrx_word' id='word_1_278' title='bbox 1947 3360 2237 3445; x_wconf 86' lang='lat' dir='ltr'>Regione</span> <span class='ocrx_word' id='word_1_279' title='bbox 2269 3362 2636 3442; x_wconf 86' lang='lat' dir='ltr'>insurrexit,</span> 
     </span>
     <span class='ocr_line' id='line_1_34' title="bbox 375 3448 2639 3519; baseline 0.004 -8"><span class='ocrx_word' id='word_1_280' title='bbox 375 3448 703 3515; x_wconf 68' lang='lat' dir='ltr'>‚Ioannem</span> <span class='ocrx_word' id='word_1_281' title='bbox 764 3450 1116 3517; x_wconf 85' lang='lat' dir='ltr'>Ernestum</span> <span class='ocrx_word' id='word_1_282' title='bbox 1165 3451 1414 3517; x_wconf 91' lang='lat' dir='ltr'>Ducem</span> <span class='ocrx_word' id='word_1_283' title='bbox 1470 3450 2009 3519; x_wconf 87' lang='lat' dir='ltr'>Vexinariensem</span> <span class='ocrx_word' id='word_1_284' title='bbox 2071 3457 2138 3515; x_wconf 89' lang='lat' dir='ltr'>et</span> <span class='ocrx_word' id='word_1_285' title='bbox 2215 3452 2639 3519; x_wconf 87' lang='lat' dir='ltr'>Mansfeltum</span> 
     </span>
     <span class='ocr_line' id='line_1_35' title="bbox 377 3539 2639 3624; baseline 0.002 -21"><span class='ocrx_word' id='word_1_286' title='bbox 377 3561 523 3604; x_wconf 88' lang='lat' dir='ltr'>eum</span> <span class='ocrx_word' id='word_1_287' title='bbox 561 3539 790 3623; x_wconf 88' lang='lat' dir='ltr'>viginti</span> <span class='ocrx_word' id='word_1_288' title='bbox 839 3539 1124 3606; x_wconf 87' lang='lat' dir='ltr'>millibus</span> <span class='ocrx_word' id='word_1_289' title='bbox 1154 3540 1678 3624; x_wconf 88' lang='lat' dir='ltr'>belligerantium</span> <span class='ocrx_word' id='word_1_290' title='bbox 1730 3542 1914 3607; x_wconf 85' lang='lat' dir='ltr'>nobis</span> <span class='ocrx_word' id='word_1_291' title='bbox 1966 3542 2034 3607; x_wconf 90' lang='lat' dir='ltr'>in</span> <span class='ocrx_word' id='word_1_292' title='bbox 2082 3543 2394 3608; x_wconf 85' lang='lat' dir='ltr'>auxilium</span> <span class='ocrx_word' id='word_1_293' title='bbox 2443 3544 2639 3623; x_wconf 89' lang='lat' dir='ltr'>misit;</span> 
     </span>
     <span class='ocr_line' id='line_1_36' title="bbox 376 3630 2641 3716; baseline 0.001 -22"><span class='ocrx_word' id='word_1_294' title='bbox 376 3650 522 3695; x_wconf 90' lang='lat' dir='ltr'>cum</span> <span class='ocrx_word' id='word_1_295' title='bbox 556 3630 787 3713; x_wconf 88' lang='lat' dir='ltr'>quibus</span> <span class='ocrx_word' id='word_1_296' title='bbox 819 3630 1040 3697; x_wconf 88' lang='lat' dir='ltr'>fideles</span> <span class='ocrx_word' id='word_1_297' title='bbox 1091 3632 1297 3696; x_wconf 87' lang='lat' dir='ltr'>nostri</span> <span class='ocrx_word' id='word_1_298' title='bbox 1329 3632 1714 3698; x_wconf 85' lang='lat' dir='ltr'>Franciscus</span> <span class='ocrx_word' id='word_1_299' title='bbox 1747 3632 1908 3697; x_wconf 89' lang='lat' dir='ltr'>Kun</span> <span class='ocrx_word' id='word_1_300' title='bbox 1941 3639 2005 3698; x_wconf 89' lang='lat' dir='ltr'>et</span> <span class='ocrx_word' id='word_1_301' title='bbox 2036 3630 2445 3716; x_wconf 86' lang='lat' dir='ltr'>Segretarius</span> <span class='ocrx_word' id='word_1_302' title='bbox 2478 3630 2641 3699; x_wconf 82' lang='lat' dir='ltr'>Ger-</span> 
     </span>
     <span class='ocr_line' id='line_1_37' title="bbox 375 3720 2641 3807; baseline 0.002 -23"><span class='ocrx_word' id='word_1_303' title='bbox 375 3720 668 3785; x_wconf 85' lang='lat' dir='ltr'>manicus</span> <span class='ocrx_word' id='word_1_304' title='bbox 700 3742 890 3804; x_wconf 86' lang='lat' dir='ltr'>quem</span> <span class='ocrx_word' id='word_1_305' title='bbox 939 3723 1004 3785; x_wconf 90' lang='lat' dir='ltr'>in</span> <span class='ocrx_word' id='word_1_306' title='bbox 1055 3720 1336 3787; x_wconf 85' lang='lat' dir='ltr'>Civitate</span> <span class='ocrx_word' id='word_1_307' title='bbox 1366 3722 1662 3805; x_wconf 85' lang='lat' dir='ltr'>Meggies</span> <span class='ocrx_word' id='word_1_308' title='bbox 1725 3723 2251 3807; x_wconf 85' lang='lat' dir='ltr'>expediveramus</span> <span class='ocrx_word' id='word_1_309' title='bbox 2302 3744 2505 3806; x_wconf 90' lang='lat' dir='ltr'>usque</span> <span class='ocrx_word' id='word_1_310' title='bbox 2556 3723 2641 3788; x_wconf 90' lang='lat' dir='ltr'>ad</span> 
     </span>
     <span class='ocr_line' id='line_1_38' title="bbox 376 3810 2639 3895; baseline 0.002 -20"><span class='ocrx_word' id='word_1_311' title='bbox 376 3810 613 3876; x_wconf 85' lang='lat' dir='ltr'>Braslo</span> <span class='ocrx_word' id='word_1_312' title='bbox 659 3812 1064 3895; x_wconf 84' lang='lat' dir='ltr'>metropolim</span> <span class='ocrx_word' id='word_1_313' title='bbox 1129 3811 1377 3878; x_wconf 87' lang='lat' dir='ltr'>Slesiae</span> <span class='ocrx_word' id='word_1_314' title='bbox 1441 3812 1632 3877; x_wconf 89' lang='lat' dir='ltr'>simul</span> <span class='ocrx_word' id='word_1_315' title='bbox 1697 3812 2149 3892; x_wconf 88' lang='lat' dir='ltr'>adventarunt,</span> <span class='ocrx_word' id='word_1_316' title='bbox 2212 3812 2490 3879; x_wconf 83' lang='lat' dir='ltr'>Slesiam</span> <span class='ocrx_word' id='word_1_317' title='bbox 2538 3836 2639 3879; x_wconf 89' lang='lat' dir='ltr'>su-</span> 
     </span>
     <span class='ocr_line' id='line_1_39' title="bbox 375 3902 2639 3985; baseline 0.002 -20"><span class='ocrx_word' id='word_1_318' title='bbox 375 3906 706 3984; x_wconf 84' lang='lat' dir='ltr'>perarunt,</span> <span class='ocrx_word' id='word_1_319' title='bbox 758 3908 973 3967; x_wconf 84' lang='lat' dir='ltr'>castra</span> <span class='ocrx_word' id='word_1_320' title='bbox 1023 3907 1377 3985; x_wconf 88' lang='lat' dir='ltr'>posuerunt</span> <span class='ocrx_word' id='word_1_321' title='bbox 1427 3902 1510 3968; x_wconf 90' lang='lat' dir='ltr'>ad</span> <span class='ocrx_word' id='word_1_322' title='bbox 1561 3902 1806 3981; x_wconf 85' lang='lat' dir='ltr'>Tessin,</span> <span class='ocrx_word' id='word_1_323' title='bbox 1854 3903 2055 3969; x_wconf 87' lang='lat' dir='ltr'>distat</span> <span class='ocrx_word' id='word_1_324' title='bbox 2114 3903 2195 3969; x_wconf 91' lang='lat' dir='ltr'>ab</span> <span class='ocrx_word' id='word_1_325' title='bbox 2258 3905 2388 3969; x_wconf 87' lang='lat' dir='ltr'>oris</span> <span class='ocrx_word' id='word_1_326' title='bbox 2450 3904 2639 3969; x_wconf 90' lang='lat' dir='ltr'>Hun-</span> 
     </span>
     <span class='ocr_line' id='line_1_40' title="bbox 377 3990 2641 4073; baseline 0.001 -17"><span class='ocrx_word' id='word_1_327' title='bbox 377 3990 598 4073; x_wconf 86' lang='lat' dir='ltr'>gariae</span> <span class='ocrx_word' id='word_1_328' title='bbox 645 3990 892 4057; x_wconf 87' lang='lat' dir='ltr'>duobus</span> <span class='ocrx_word' id='word_1_329' title='bbox 956 3992 1355 4057; x_wconf 88' lang='lat' dir='ltr'>solummodo</span> <span class='ocrx_word' id='word_1_330' title='bbox 1404 3992 1702 4058; x_wconf 85' lang='lat' dir='ltr'>brevibus</span> <span class='ocrx_word' id='word_1_331' title='bbox 1752 3993 2159 4073; x_wconf 87' lang='lat' dir='ltr'>milliaribus,</span> <span class='ocrx_word' id='word_1_332' title='bbox 2198 4016 2419 4059; x_wconf 88' lang='lat' dir='ltr'>verum</span> <span class='ocrx_word' id='word_1_333' title='bbox 2451 4016 2491 4059; x_wconf 86' lang='lat' dir='ltr'>a</span> <span class='ocrx_word' id='word_1_334' title='bbox 2522 3993 2641 4059; x_wconf 86' lang='lat' dir='ltr'>flu-</span> 
     </span>
     <span class='ocr_line' id='line_1_41' title="bbox 375 4079 2641 4165; baseline 0.004 -23"><span class='ocrx_word' id='word_1_335' title='bbox 375 4081 477 4144; x_wconf 84' lang='lat' dir='ltr'>vio</span> <span class='ocrx_word' id='word_1_336' title='bbox 550 4079 746 4165; x_wconf 90' lang='lat' dir='ltr'>Vagh</span> <span class='ocrx_word' id='word_1_337' title='bbox 793 4088 859 4147; x_wconf 86' lang='lat' dir='ltr'>et</span> <span class='ocrx_word' id='word_1_338' title='bbox 905 4080 1108 4148; x_wconf 86' lang='lat' dir='ltr'>Solna</span> <span class='ocrx_word' id='word_1_339' title='bbox 1158 4088 1300 4147; x_wconf 89' lang='lat' dir='ltr'>octo</span> <span class='ocrx_word' id='word_1_340' title='bbox 1364 4082 1772 4150; x_wconf 78' lang='lat' dir='ltr'>Germanicis</span> <span class='ocrx_word' id='word_1_341' title='bbox 1833 4083 2220 4149; x_wconf 84' lang='lat' dir='ltr'>milliaribus</span> <span class='ocrx_word' id='word_1_342' title='bbox 2282 4082 2483 4163; x_wconf 86' lang='lat' dir='ltr'>abest,</span> <span class='ocrx_word' id='word_1_343' title='bbox 2533 4085 2641 4150; x_wconf 90' lang='lat' dir='ltr'>isti</span> 
     </span>
     <span class='ocr_line' id='line_1_42' title="bbox 374 4170 2642 4259; baseline 0.003 -25"><span class='ocrx_word' id='word_1_344' title='bbox 374 4170 506 4235; x_wconf 89' lang='lat' dir='ltr'>iam</span> <span class='ocrx_word' id='word_1_345' title='bbox 558 4194 673 4237; x_wconf 89' lang='lat' dir='ltr'>nos</span> <span class='ocrx_word' id='word_1_346' title='bbox 721 4172 1061 4239; x_wconf 85' lang='lat' dir='ltr'>dumtaxat</span> <span class='ocrx_word' id='word_1_347' title='bbox 1119 4173 1344 4237; x_wconf 91' lang='lat' dir='ltr'>volunt</span> <span class='ocrx_word' id='word_1_348' title='bbox 1392 4173 1634 4251; x_wconf 86' lang='lat' dir='ltr'>audire,</span> <span class='ocrx_word' id='word_1_349' title='bbox 1684 4194 1800 4238; x_wconf 90' lang='lat' dir='ltr'>nos</span> <span class='ocrx_word' id='word_1_350' title='bbox 1833 4175 2327 4257; x_wconf 85' lang='lat' dir='ltr'>praestolantur.</span> <span class='ocrx_word' id='word_1_351' title='bbox 2390 4175 2642 4259; x_wconf 88' lang='lat' dir='ltr'>Respu-</span> 
     </span>
     <span class='ocr_line' id='line_1_43' title="bbox 373 4260 2639 4347; baseline 0.003 -24"><span class='ocrx_word' id='word_1_352' title='bbox 373 4260 546 4325; x_wconf 88' lang='lat' dir='ltr'>blica</span> <span class='ocrx_word' id='word_1_353' title='bbox 577 4261 1000 4328; x_wconf 73' lang='lat' dir='ltr'>venetiarum</span> <span class='ocrx_word' id='word_1_354' title='bbox 1050 4283 1305 4347; x_wconf 88' lang='lat' dir='ltr'>quoque</span> <span class='ocrx_word' id='word_1_355' title='bbox 1347 4270 1657 4345; x_wconf 86' lang='lat' dir='ltr'>quantam</span> <span class='ocrx_word' id='word_1_356' title='bbox 1704 4263 1945 4329; x_wconf 86' lang='lat' dir='ltr'>habeat</span> <span class='ocrx_word' id='word_1_357' title='bbox 1975 4264 2093 4329; x_wconf 90' lang='lat' dir='ltr'>sub</span> <span class='ocrx_word' id='word_1_358' title='bbox 2125 4264 2325 4347; x_wconf 85' lang='lat' dir='ltr'>signis</span> <span class='ocrx_word' id='word_1_359' title='bbox 2355 4266 2639 4331; x_wconf 87' lang='lat' dir='ltr'>virorum</span> 
     </span>
     <span class='ocr_line' id='line_1_44' title="bbox 373 4350 2640 4437; baseline 0.003 -24"><span class='ocrx_word' id='word_1_360' title='bbox 373 4350 877 4431; x_wconf 85' lang='lat' dir='ltr'>multitudinem,</span> <span class='ocrx_word' id='word_1_361' title='bbox 907 4372 1037 4417; x_wconf 89' lang='lat' dir='ltr'>non</span> <span class='ocrx_word' id='word_1_362' title='bbox 1069 4360 1166 4418; x_wconf 87' lang='lat' dir='ltr'>est</span> <span class='ocrx_word' id='word_1_363' title='bbox 1197 4355 1630 4419; x_wconf 87' lang='lat' dir='ltr'>necessarium</span> <span class='ocrx_word' id='word_1_364' title='bbox 1669 4375 2074 4437; x_wconf 88' lang='lat' dir='ltr'>pernarrare.</span> <span class='ocrx_word' id='word_1_365' title='bbox 2112 4353 2193 4419; x_wconf 94' lang='lat' dir='ltr'>In</span> <span class='ocrx_word' id='word_1_366' title='bbox 2226 4354 2459 4436; x_wconf 87' lang='lat' dir='ltr'>Belgio</span> <span class='ocrx_word' id='word_1_367' title='bbox 2491 4378 2640 4419; x_wconf 87' lang='lat' dir='ltr'>vero</span> 
     </span>
     <span class='ocr_line' id='line_1_45' title="bbox 378 4440 2641 4521; baseline 0.003 -16"><span class='ocrx_word' id='word_1_368' title='bbox 378 4440 642 4521; x_wconf 86' lang='lat' dir='ltr'>quinam</span> <span class='ocrx_word' id='word_1_369' title='bbox 676 4443 808 4506; x_wconf 87' lang='lat' dir='ltr'>sint</span> <span class='ocrx_word' id='word_1_370' title='bbox 857 4448 1068 4509; x_wconf 88' lang='lat' dir='ltr'>status</span> <span class='ocrx_word' id='word_1_371' title='bbox 1099 4443 1485 4509; x_wconf 87' lang='lat' dir='ltr'>Hellandini</span> <span class='ocrx_word' id='word_1_372' title='bbox 1517 4444 1581 4507; x_wconf 90' lang='lat' dir='ltr'>in</span> <span class='ocrx_word' id='word_1_373' title='bbox 1615 4445 1909 4509; x_wconf 86' lang='lat' dir='ltr'>accinctu</span> <span class='ocrx_word' id='word_1_374' title='bbox 1950 4444 2443 4511; x_wconf 87' lang='lat' dir='ltr'>fortissimorum</span> <span class='ocrx_word' id='word_1_375' title='bbox 2484 4447 2641 4511; x_wconf 90' lang='lat' dir='ltr'>viro-</span> 
     </span>
     <span class='ocr_line' id='line_1_46' title="bbox 374 4532 1889 4617; baseline 0.003 -22"><span class='ocrx_word' id='word_1_376' title='bbox 374 4552 520 4595; x_wconf 89' lang='lat' dir='ltr'>rum</span> <span class='ocrx_word' id='word_1_377' title='bbox 547 4538 774 4597; x_wconf 85' lang='lat' dir='ltr'>contra</span> <span class='ocrx_word' id='word_1_378' title='bbox 806 4532 1157 4617; x_wconf 83' lang='lat' dir='ltr'>Spinolam,</span> <span class='ocrx_word' id='word_1_379' title='bbox 1189 4534 1483 4599; x_wconf 88' lang='lat' dir='ltr'>omnibus</span> <span class='ocrx_word' id='word_1_380' title='bbox 1516 4541 1737 4599; x_wconf 86' lang='lat' dir='ltr'>notum</span> <span class='ocrx_word' id='word_1_381' title='bbox 1774 4541 1889 4600; x_wconf 84' lang='lat' dir='ltr'>est.</span> 
     </span>
    </p>
   </div>
   <div class='ocr_carea' id='block_1_3' title="bbox 3437 4540 3442 5066">
    <p class='ocr_par' dir='ltr' id='par_1_3' title="bbox 3437 4540 3442 5066">
     <span class='ocr_line' id='line_1_47' title="bbox 3437 4540 3442 5066; baseline 0 0"><span class='ocrx_word' id='word_1_382' title='bbox 3437 4540 3442 5066; x_wconf 95' lang='lat' dir='ltr'> </span> 
     </span>
    </p>
   </div>
  </div>
 </body>
</html>
