3459 5300
841 360 868 413 ὃ
879 359 915 412 4
1159 358 1189 411 1
1203 358 1237 412 6
1248 357 1282 411 2
1296 357 1323 410 1
1336 398 1348 410 .
1369 361 1985 410 ‘rAuAcsnAssnozA-rox.
2017 365 2218 411 novi-:⁰11
2252 362 2771 412 nnbmmnszritsnn.

833 531 870 596 l’
891 532 1119 596 ottima
1167 530 1582 614 dispositione
1633 527 1699 593 di
1747 530 1902 594 tutti
1952 529 2165 611 questi
2216 528 2476 613 Signori
2526 530 2722 596 Eccmi
2786 549 2967 592 verso
3030 526 3096 590 la

833 621 1185 704 grandezza
1217 626 1282 685 et
1310 621 1674 704 prosperita
1723 618 1827 683 del
1866 640 1979 683 sno
2013 618 2285 703 Signore
2318 627 2382 686 et
2412 620 2558 685 dell'
2579 620 2918 685 affeczione
2949 639 3097 701 par-

829 713 1095 778 ticolare
1144 732 1325 775 verso
1382 710 1448 775 la
1497 730 1774 794 persona
1822 709 1889 774 di
1939 731 2079 775 esso
2132 708 2369 792 Signor
2433 711 2918 787 ambasciatore‚
2968 708 3094 790 egli

833 824 1019 867 senza
1050 801 1329 886 replicat
1377 800 1563 880 altro,
1593 821 1779 884 prese
1828 799 2097 866 licenzia
2148 806 2214 865 et
2263 803 2452 885 parti,
2500 798 2875 866 mostrando
2921 797 3096 863 nella

833 894 1000 957 ciera
1033 899 1098 955 et
1130 893 1231 956 nei
1265 893 1429 975 gesti
1462 913 1624 973 gran
1657 891 2014 955 comotione
2046 890 2104 954 d’
2126 891 2359 955 animo,

1666 1213 2257 1281 Tandcshatdrozat

1045 1344 1236 1406 1621.
1271 1346 1308 1405 6
1340 1340 1704 1407 Novembre
1736 1342 1805 1406 in
1833 1342 2135 1426 Pregadi.

1041 1431 1178 1498 Che
1209 1430 1374 1496 fatto
1406 1432 1586 1497 venir
1615 1431 1722 1496 nel
1755 1429 2042 1516 Collegio
2072 1433 2114 1497 l’
2133 1433 2602 1499 Ambassatore
2653 1431 2759 1496 del
2809 1431 3097 1515 principe

829 1518 1054 1586 Gabor
1086 1521 1147 1586 16
1179 1522 1276 1586 sia
1306 1522 1466 1587 letto
1500 1528 1742 1605 quanto
1775 1544 2001 1606 segue:

1007 1610 1243 1695 Signor
1260 1612 1759 1677 ambasciadore.
1780 1611 1975 1677 Nella
1995 1614 2274 1698 risposta
2305 1614 2420 1678 che
2444 1613 2781 1678 facessimo
2803 1612 2868 1676 al
2886 1611 3096 1694 primo

833 1701 1042 1766 ufficio
1104 1702 1170 1766 di
1225 1701 1344 1769 V¹fa
1383 1703 1701 1786 Signoria,
1762 1725 2002 1786 pareva
2065 1726 2105 1768 a
2167 1705 2272 1768 noi
2334 1703 2593 1768 haverle
2656 1703 3094 1769 chiaramonte

829 1811 1121 1875 espressa
1170 1791 1234 1856 la
1283 1791 1563 1875 perfetta
1614 1792 1874 1858 volonta
1923 1793 2094 1859 della
2142 1794 2504 1878 Republica
2552 1815 2733 1858 verso
2796 1792 2861 1856 la
2911 1813 3098 1875 gran-

829 1882 1035 1961 dezza,
1067 1888 1132 1947 et
1162 1883 1541 1947 esaltatione
1572 1882 1678 1948 del
1710 1883 1842 1948 Suo
1877 1883 2167 1966 Signore‚
2200 1884 2372 1949 nella
2417 1883 2609 1967 quale
2658 1883 3096 1949 concorriamo

833 1993 954 2037 non
986 1973 1121 2036 solo
1153 1993 1270 2038 con
1304 1972 1344 2036 1’
1367 1971 1591 2038 affetto
1624 1981 1689 2038 et
1721 1975 1821 2038 col
1852 1974 2186 2053 desideri0‚
2218 1997 2325 2040 ma
2357 1974 2497 2040 coll'
2518 1974 2830 2038 interesse
2876 1972 3098 2051 anche,

829 2063 1125 2128 massime
1177 2064 1280 2127 nei
1339 2063 1625 2147 presenti
1689 2065 1908 2147 tempi,
1957 2064 2133 2148 pieni
2182 2065 2260 2129 de
2311 2064 2548 2148 gelosie
2601 2069 2666 2128 et
2714 2065 2791 2129 de
2832 2061 3096 2146 pericoli

829 2154 1140 2236 maggiori
1191 2173 1306 2236 per
1354 2153 1414 2217 16
1463 2155 1830 2238 prosperita
1879 2154 1958 2217 de
2010 2153 2383 2238 Spagnuoli,
2416 2161 2481 2219 et
2510 2175 2626 2238 per
2696 2154 2744 2217 11
2775 2155 3100 2237 progressi

829 2244 942 2307 che
974 2265 1096 2307 van
1130 2242 1395 2307 facendo
1427 2266 1545 2308 con
1589 2242 1772 2308 felice
1822 2265 2002 2308 corso
2052 2245 2116 2307 di
2170 2244 2519 2310 favorabile
2572 2251 2638 2309 et
2669 2244 2944 2308 seconda
2974 2242 3099 2307 foi·-

829 2343 983 2397 tuna
1013 2334 1079 2396 in
1115 2333 1508 2416 pregiudicio
1541 2333 1712 2398 della
1743 2334 2152 2417 tranquillita
2199 2341 2263 2398 et
2311 2335 2549 2400 liberta
2600 2335 2974 2399 universale.
3007 2333 3099 2396 Et

825 2425 1058 2488 sicome
1088 2422 1149 2486 le
1181 2444 1371 2505 opere
1402 2425 1538 2489 loro
1586 2425 1946 2508 esprimono
1998 2430 2063 2489 et
2109 2431 2394 2490 mettono
2443 2427 2510 2489 in
2562 2426 2783 2489 chiaro
2832 2422 2999 2487 ifini
3033 2429 3098 2486 et

825 2513 1074 2595 disegni
1106 2515 1261 2594 suoi,
1293 2519 1420 2578 cosi
1472 2520 1649 2579 certa
1697 2536 1847 2579 cosa
1897 2513 1948 2592 e,
1997 2516 2114 2579 che
2163 2518 2315 2581 tutti
2367 2515 2413 2580 li
2466 2516 2742 2598 principi
2788 2532 3021 2579 sarano
3055 2535 3096 2577 a

829 2605 968 2667 viva
1017 2602 1194 2668 forza
1242 2606 1575 2669 consti-etti
1627 2604 1902 2689 disporsi
1950 2627 1991 2671 a
2041 2607 2353 2690 prendere
2416 2606 2790 2671 risolutione
2852 2626 2968 2688 per
3029 2604 3096 2668 la

829 2695 1091 2777 propria
1122 2700 1187 2758 et
1217 2715 1481 2759 comune
1512 2691 1734 2760 difesa.
1755 2697 1846 2761 Et
1876 2696 1980 2760 nel
2013 2696 2364 2780 particolar
2383 2696 2486 2761 del
2519 2698 2722 2778 titolo,
2754 2698 3010 2760 intorno
3031 2694 3095 2758 al

829 2783 1018 2867 quale
1050 2785 1169 2851 V¹⁸
1189 2783 1489 2867 Signoria
1520 2787 1578 2849 ci
1611 2786 1696 2850 ha
1728 2785 2172 2851 ultimamente
2204 2793 2494 2865 trattat0‚
2515 2793 2771 2870 potemo
2791 2785 2955 2849 dirle
2976 2806 3094 2848 con

829 2873 891 2939 la
922 2876 1226 2939 sincerita
1273 2874 1464 2939 solita
1514 2876 1724 2941 usarsi
1774 2876 1944 2942 della
1982 2877 2344 2960 Republica
2375 2900 2492 2942 con
2529 2879 2699 2958 tutti,
2734 2883 2800 2940 et
2832 2874 3096 2959 special-

829 2971 1039 3029 mente
1071 2985 1186 3028 con
1237 2965 1339 3028 chi
1390 2964 1676 3049 professa
1725 2967 2019 3050 maggior
2069 2967 2433 3033 confidenza
2472 2974 2537 3031 et
2569 2967 2766 3031 union
2799 2966 2862 3030 d'
2880 2965 3097 3041 animi,

829 3055 968 3119 chel
999 3076 1124 3119 non
1158 3057 1387 3119 essersi
1418 3055 1506 3120 fin
1544 3057 1706 3121 hora
1725 3057 2024 3122 devenuti
2056 3080 2097 3122 a
2128 3060 2420 3141 maggior
2450 3057 2941 3133 dichiaratione,
2970 3076 3097 3119 non

829 3145 858 3206 ὲ
891 3151 1280 3210 certamente
1312 3146 1661 3229 proceduto
1694 3146 1925 3230 perche
1960 3147 2024 3213 la
2056 3148 2417 3231 Republica
2466 3170 2591 3212 non
2624 3147 2686 3210 le
2718 3147 3099 3212 attribuisca

829 3242 891 3299 et
921 3257 1049 3299 non
1079 3235 1140 3299 le
1172 3236 1466 3301 desidera
1502 3237 1570 3300 in
1621 3236 1839 3302 effetto
1885 3240 2033 3320 ogni
2084 3238 2194 3321 pisi
2247 3238 2517 3304 sublime
2572 3237 2961 3321 grandezza3
2992 3258 3099 3300 ma

829 3324 1055 3409 perche
1095 3325 1433 3391 militando
1463 3328 1743 3392 tuttavia
1775 3328 1923 3409 quei
1973 3328 2248 3411 rispetti,
2281 3330 2396 3393 che
2447 3329 2532 3394 da
2583 3327 2734 3410 quel
2764 3326 3099 3392 valorosis-

829 3417 986 3480 simo
1038 3416 1339 3499 Principe
1389 3438 1506 3481 con
1567 3416 1633 3482 la
1694 3419 2005 3483 maturitii
2055 3417 2225 3483 della
2275 3418 2560 3503 singolar
2608 3418 2937 3501 prudenza
2982 3438 3101 3481 sua

829 3527 981 3570 sono
1011 3505 1358 3570 benissimo
1389 3509 1738 3571 conosciuti
1771 3514 1837 3571 et
1868 3507 2245 3592 approbati3
2295 3508 2624 3574 facendovi
2670 3508 2823 3590 quel
2852 3506 3099 3571 riflesso

829 3596 942 3659 che
976 3597 1295 3674 conviene‚
1327 3617 1454 3661 non
1488 3596 1518 3658 e
1554 3598 1920 3681 espediente
1950 3621 2066 3682 per
2098 3598 2398 3682 semplice
2446 3619 2812 3682 apparenza
2844 3597 3098 3680 pregiu-

829 3686 1006 3751 dicar
1048 3688 1117 3751 in
1150 3686 1372 3769 parole
1423 3709 1462 3752 a
1493 3708 1657 3770 cosa,
1689 3689 1807 3752 che
1856 3689 2011 3752 deve
2059 3695 2533 3755 maturamente
2581 3688 2869 3753 fondarsi
2905 3707 3100 3770 sopra

829 3776 866 3839 l’
887 3779 1166 3842 essentia
1216 3777 1362 3841 dell’
1385 3798 1575 3861 opere
1626 3784 1691 3842 et
1742 3777 1913 3861 degli
1964 3780 2201 3860 effetti3
2253 3785 2318 3843 et
2348 3780 2475 3863 egli
2526 3779 2871 3844 medesimo
2904 3798 3018 3861 per
3050 3776 3099 3840 li

829 3868 1011 3933 stessi
1044 3868 1297 3951 rispetti
1332 3869 1386 3932 si
1419 3870 1570 3932 sara
1599 3867 1688 3932 fin
1719 3869 1882 3933 hora
1913 3874 2210 3934 astenuto
2243 3870 2302 3933 d'
2322 3869 2488 3934 altre
2522 3870 2862 3953 apparenti
2894 3867 3101 3932 solen-

829 3959 963 4023 nita
994 3960 1254 4042 proprie
1285 3957 1351 4021 di
1382 3957 1597 4040 quella
1630 3959 2002 4040 grandezza,
2035 3958 2166 4023 alla
2216 3959 2407 4042 quale
2456 3982 2571 4044 per
2627 3959 2796 4022 virtii
2848 3962 2913 4021 et
2946 3958 3097 4022 altri

829 4048 1016 4132 degni
1048 4049 1261 4112 meriti
1296 4046 1327 4109 ὲ·
1362 4054 1534 4113 stato
1585 4048 1796 4113 eletto.
1845 4050 1939 4114 Et
1988 4049 2406 4115 all'incontro
2458 4052 2510 4114 si
2562 4052 2689 4133 puo
2742 4047 2865 4112 ben
2918 4053 3100 4110 tener

833 4159 941 4221 per
1002 4144 1176 4203 certo
1238 4145 1302 4202 et
1350 4137 1733 4216 indubitato,
1795 4140 1911 4203 che
1973 4146 2548 4223 opportunamente
2600 4160 2719 4203 con
2770 4138 3099 4221 reciproca

829 4228 1278 4309 satisfactione,
1329 4234 1393 4293 et
1444 4250 1636 4294 senza
1685 4230 1804 4293 dar
1853 4232 2126 4295 materia
2187 4230 2432 4294 d'altre
2494 4231 2726 4309 novitii,
2774 4229 3101 4292 rimanera

825 4319 1269 4383 intieramente
1300 4319 1715 4402 comprobata
1747 4318 1787 4382 l’
1808 4322 2037 4385 ottima
2069 4322 2423 4385 intentione
2456 4326 2679 4385 nostra
2710 4324 2776 4383 et
2805 4318 2854 4382 il
2884 4320 3101 4402 precio

825 4406 888 4471 di
952 4409 1278 4491 reciproca
1338 4409 1752 4492 intelligenza
1811 4409 1876 4475 la
1926 4409 2079 4493 qual
2129 4412 2193 4474 in
2245 4432 2482 4476 nessun
2534 4432 2680 4476 caso
2730 4410 2921 4492 potra
2968 4408 3099 4473 mai

825 4518 1033 4563 essere
1065 4498 1171 4563 del
1201 4505 1388 4564 canto
1422 4505 1639 4563 nostro
1670 4501 1956 4565 rivocata
1986 4503 2055 4564 in
2087 4500 2295 4565 dubio.
