3459 5300
1237 303 1426 358 1625.
1461 321 1587 358 mc.
1635 305 1688 358 2.
2520 307 2584 359 11

325 477 386 540 id
419 475 844 552 incubuimus,
879 498 957 538 ne
991 476 1071 540 ab
1105 476 1327 540 eadem
1361 476 1586 542 officiis
1621 475 2037 542 vinceremur.
2089 477 2179 542 Et
2236 477 2387 543 lieet
2440 479 2595 544 nihil

325 587 610 649 unquam
641 567 848 650 magis
871 567 1382 650 expetiverimuS,
1404 588 1598 649 quam
1621 573 1692 632 ut
1711 568 1858 650 pari
1878 567 2327 650 obsequiorum
2366 591 2597 652 genere

325 655 588 722 affectus
625 663 880 722 nostros
903 656 1396 734 declararemus,
1431 663 1812 722 tamencum
1844 657 2159 722 hactenus
2180 658 2359 724 nulla
2380 659 2599 730 oblata

323 747 404 810 sit
437 747 733 829 facultas,
772 747 838 811 id
869 755 1230 830 temporum
1261 748 1468 830 magis
1519 748 1814 830 injuriae,
1865 769 2071 831 quam‘
2110 750 2599 833 promptitudini

322 843 580 902 nostrae
651 836 875 905 Celsem
923 836 1088 904 Vr³¹²¹
1149 833 1624 921 adscnpturam
1673 837 1879 902 arb1t1
1882 839 2169 920 ‘tb1mu1
2218 843 2597 922 praesertim

321 950 460 992 cum
506 927 726 992 studia
776 933 958 994 nosti
961 951 1000 992 a
1048 929 1115 992 in
1167 928 1489 1030 Inclytam
1539 927 2033 1030 Rempublicam
2086 932 2312 995 testari
2350 931 2600 995 adnita-
2652 1009 2660 1014 .

321 1041 484 1082 mur.
519 1015 786 1120 Quanta
817 1039 967 1083 vero
1007 1017 1313 1083 candidos
1353 1019 1551 1082 animi
1584 1007 1682 1082 sui
1724 1039 1949 1083 sensus
1981 1019 2424 1085 benevolentia
2456 1043 2534 1106 pl
2537 1045 2598 1084 ο

325 1109 526 1173 secuti
563 1109 786 1190 simus,
825 1108 1067 1173 recenti
1099 1130 1500 1174 commemor·
1489 1109 1703 1173 itione
1744 1109 2106 1174 refricanda,
2138 1110 2399 1175 minime
2435 1109 2602 1176 arbi-

321 1205 590 1264 tramur.
627 1198 706 1263 Id
737 1198 856 1264 sibi
892 1220 1272 1283 persuasum
1291 1197 1548 1277 habeat,
1584 1199 1751 1268 ‚nihil
1774 1199 2106 1282 antiquius
2141 1199 2323 1266 nobis
2356 1223 2510 1267 suae
2537 1203 2596 1264 in

321 1311 432 1353 nos
465 1289 899 1373 propensione
931 1287 1430 1367 benevolentiae,
1465 1311 1630 1372 quae
1678 1291 1849 1354 utin
1900 1289 2035 1355 dies
2086 1291 2335 1374 majora
2386 1297 2601 1356 sumat

318 1381 740 1458 incrementa,
773 1401 850 1444 ac
879 1401 1192 1462 perennes
1225 1385 1380 1462 agat
1421 1379 1690 1456 radices,
1721 1380 2016 1446 omnibus
2048 1381 2291 1447 viribus
2343 1388 2609 1448 conten*

317 1469 562 1534 demus.
617 1468 962 1535 Caeterum
1013 1470 1450 1554 praesentium
1508 1468 1931 1534 exhibitorem
1982 1471 2341 1536 Martinum
2394 1471 2603 1538 Seller

317 1559 538 1624 Aulac
605 1567 864 1626 nostrae
903 1561 1284 1648 familiarem
1337 1566 1658 1624 certarum
1712 1562 1776 1623 in
1810 1561 2105 1643 proprios
2140 1567 2392 1627 nostros
2445 1584 2600 1626 usus

317 1651 734 1732 quarundam
772 1651 1078 1714 mercium
1130 1651 1624 1715 coemendarum
1676 1652 1887 1733 gratia
1936 1651 1998 1718 V
2001 1653 2243 1716 enetias
2278 1651 2599 1736 ablegavi-

317 1763 478 1820 muS,
513 1739 685 1806 Cels.
716 1740 883 1806 V‘m
925 1747 1244 1823 rogantes,
1278 1747 1350 1805 ut
1382 1740 1672 1816 eundem,
1711 1743 1917 1806 nostri
1950 1741 2029 1805 ob
2071 1750 2448 1826 respectum,
2470 1765 2595 1807 non

317 1831 528 1896 solum
581 1831 860 1914 benigne
911 1832 1220 1914 excipere,
1270 1830 1590 1914 fidemque
1639 1830 1970 1896 indubiam
2022 1831 2144 1898 hac
2190 1834 2257 1896 in
2307 1835 2599 1898 commis-

318 1922 498 1984 sione
533 1927 760 1986 nostra
789 1921 1046 1999 habere,
1077 1943 1297 1986 verum
1331 1922 1527 1986 etiam
1565 1921 1620 1986 si
1655 1922 1961 2004 quapiam
2009 1923 2076 1986 in
2110 1945 2179 1986 re
2212 1922 2599 1988 desiderabi-

319 2021 442 2086 tur,
476 2032 602 2094 ope
639 2016 703 2075 et
737 2011 1020 2076 subsidio
1053 2011 1257 2077 cidem
1292 2032 1664 2076 succurrere
1695 2011 1870 2090 velit,
1921 2011 2135 2077 daturi
2187 2035 2466 2096 operam,
2522 2036 2601 2077 ne

317 2101 438 2165 hoc
477 2102 546 2164 iu
583 2123 700 2165 nos
733 2100 1102 2166 declaratae
1143 2101 1620 2166 benevolentiae
1672 2105 2127 2186 argumentum
2179 2103 2263 2168 sit
2314 2125 2599 2186 unquam

315 2191 902 2256 intermoriturum.
934 2191 1175 2257 Valeat
1213 2191 1378 2257 Cels.
1417 2192 1498 2258 V.
1533 2213 1779 2274 nosque
1830 2192 1948 2258 sibi
2002 2193 2329 2258 devinctos
2383 2215 2599 2258 amore

313 2287 776 2364 prosequatur.
823 2281 1075 2348 Datum
1125 2282 1188 2346 in
1243 2280 1522 2348 Civitate
1591 2290 1813 2348 nostra
1865 2282 2041 2348 Alba
2102 2282 2291 2348 Julia
2340 2283 2443 2349 die
2496 2289 2597 2348 28.

317 2370 363 2435 J
369 2371 486 2436 ulii
522 2393 699 2438 anno
737 2376 925 2438 1624.

1806 2462 2170 2529 Benevolus

2219 2551 2509 2618 Gabriel.

545 2652 596 2703 ,1
667 2662 844 2721 myos
893 2650 1252 2708 Sercnissimo
1299 2650 1596 2705 francisco
1659 2651 1985 2713 (Fauen-0110,
2037 2652 2143 2706 Dei
2196 2652 2381 2723 gratia
2430 2651 2602 2706 Venc·

319 2740 534 2795 tiarum
565 2747 626 2795 et-
659 2742 826 2813 Cypri
861 2742 1007 2796 Duci
1039 2749 1142 2796 etc.
1177 2740 1348 2797 Nobis
1389 2741 1723 2795 honorando.

1306 2934 1575 2941 ————--——-.-—
1596 2934 1624 2939 .-

1413 3096 1507 3159 X.

1203 3242 1394 3302 1625.
1444 3260 1483 3301 a
1506 3260 1545 3301 u
1567 3257 1627 3319 g
1678 3244 1736 3301 2.

1244 3380 1306 3444 U
1295 3380 1698 3466 wanamzak.

547 3544 970 3612 Sei-enissime
1003 3542 1156 3607 Dux
1189 3542 1396 3608 Nobis
1426 3542 1818 3608 honorande.

544 3636 696 3701 Etsi
729 3634 1134 3718 exploratum
1167 3633 1519 3699 habeamus
1569 3633 1922 3699 innotuisse
1957 3631 2125 3698 Celsi
2161 3632 2309 3701 Vm
2358 3640 2603 3715 quanta

321 3727 530 3791 animi
565 3724 1076 3810 promptitudine
1110 3724 1422 3791 candidae
1471 3724 1821 3799 voluntatis
1888 3732 2161 3799 nostrae,
2225 3723 2603 3807 syncerique

321 3816 602 3882 affectus
636 3817 1035 3895 documenta,
1055 3814 1370 3879 hactenus
1403 3814 1637 3878 Eidem
1657 3814 1989 3879 declarare
2022 3813 2410 3893 studuimus3
2443 3814 2605 3879 nihi-

322 3906 612 3971 lominus
681 3904 1241 3989 praetermittendi
1310 3925 1722 3987 nequaquam
1794 3903 2094 3969 arbitrati
2154 3926 2394 3983 sumUS,
2447 3905 2603 3985 quin

323 3995 632 4061 Eandem
665 3994 788 4059 hac
819 3994 1015 4059 etiam
1049 3994 1380 4059 occasione
1419 4016 1538 4077 pro
1571 3999 1789 4058 nostro
1842 3993 2156 4078 singulari
2206 4015 2362 4077 erga
2392 3994 2603 4076 ipsum

323 4086 568 4161 studiO,
601 4084 1010 4150 salutandam
1042 4083 1366 4149 vellemus,
1400 4084 1585 4149 Nihil
1624 4084 1791 4149 enim
1842 4106 1960 4149 sua
1998 4084 2065 4147 in
2118 4105 2231 4148 nos
2284 4106 2604 4167 propensa

323 4174 778 4240 benevolentia
809 4173 992 4239 nobis
1020 4174 1408 4257 'antiquius3
1439 4175 1504 4238 in
1538 4196 1667 4257 qua
1698 4197 1777 4239 ne
1811 4174 1893 4239 ab
1924 4174 2175 4239 Eadem
2213 4174 2439 4239 officiis
2472 4174 2603 4238 vin-

324 4288 578 4345 camur,
609 4265 954 4348 diligenter
1007 4264 1388 4329 adnitemur.
1439 4265 1544 4329 De
1595 4272 1849 4331 coetero
1911 4264 1965 4329 si
1999 4263 2152 4346 quid
2203 4265 2599 4347 presentium

322 4358 506 4422 lat-or
557 4354 765 4421 fidelis
816 4354 997 4420 nobis
1050 4354 1320 4420 dilectus
1371 4355 1692 4438 Egregius
1748 4355 2078 4419 Martinus
2130 4352 2340 4420 Seller
2386 4350 2601 4420 Aulae

323 4454 602 4514 nostrae
633 4446 970 4561 familiaris
1004 4445 1258 4512 nomine
1291 4453 1510 4513 nostro
1545 4444 1712 4515 Celsi
1751 4445 1895 4513 Vrae
1945 4444 2257 4526 retulerit,
2291 4451 2363 4512 ut
2395 4445 2602 4513 verbis
