3459 5300
803 407 927 461 294
1366 408 1551 461 1623.
1587 426 1886 461 ιιι-3611808111
1922 417 2175 460 novarien(
2208 414 2552 463 afflass‘rssssr.

801 602 908 645 ma
939 582 994 644 si
1045 580 1236 645 crede
1285 580 1400 644 che
1451 581 1686 663 aspetti
1740 580 2167 663 congiuntura
2218 584 2602 661 opportuna,
2656 584 2829 645 tutto
2879 580 2995 645 che
3024 580 3077 645 il

800 670 1024 735 Vei-da
1073 677 1275 735 stesso
1307 669 1520 735 n’abbi
1572 670 1773 749 detto,
1824 670 1939 735 che
1970 670 2062 734 lui
2112 692 2241 734 non
2276 670 2328 733 si
2362 668 2529 751 vogli
2568 692 2799 747 mover,
2833 678 2898 735 et
2958 670 3081 735 che

800 759 1000 825 habbi
1061 760 1367 825 mandate
1429 761 1623 825 molte
1685 759 1852 825 delle
1904 780 2015 825 sue
2065 759 2261 824 robbe
2312 782 2352 823 a
2403 755 2609 825 Gratz
2660 766 2726 825 et
2776 760 3079 825 ordinato

802 850 858 915 a'
893 852 1029 915 suoi
1073 851 1298 915 villani
1331 857 1396 916 et
1435 850 1724 927 sudditti,
1775 851 1893 915 che
1942 849 2331 916 nascondino
2381 848 2428 912 il
2461 850 2712 933 meglio,
2763 851 2879 915 6116
2916 872 3081 935 pare

802 940 1212 1024 impossibile.

1016 1030 1094 1097 L‘
1117 1032 1444 1096 Essercito
1474 1030 1825 1113 Imperiale
1858 1031 2147 1097 marchia
2178 1052 2295 1113 per
2327 1039 2585 1097 entrare
2620 1032 2685 1095 in
2718 1028 3079 1112 Ungheria,

801 1127 1052 1185 mentre
1103 1122 1163 1185 16
1213 1120 1392 1204 genti
1442 1120 1508 1185 di
1560 1119 1786 1186 Gabor
1836 1141 2122 1203 vengono
2172 1122 2239 1185 in
2290 1143 2435 1203 qua,
2480 1128 2545 1187 et
2575 1122 2769 1186 fauno
2803 1119 3083 1184 incredi-

801 1210 916 1276 bili
950 1212 1165 1277 danni.
1199 1210 1334 1277 Con
1369 1218 1539 1276 tutto
1571 1212 1667 1275 cio
1719 1211 1831 1293 qui
1882 1210 1938 1275 si
1988 1211 2181 1276 fanno
2233 1210 2735 1295 frequentissimi
2786 1210 3082 1293 consigli,

804 1308 872 1365 et
903 1324 1031 1366 non
1063 1300 1116 1367 81
1151 1302 1440 1367 delibera
1476 1322 1624 1366 cosa
1657 1301 1773 1366 che
1806 1301 1997 1385 vagli,
2030 1307 2203 1365 tutto
2236 1302 2353 1367 che
2396 1303 2448 1368 si
2501 1300 2795 1367 conoschi
2851 1299 3083 1365 effetti-

807 1398 1102 1456 vamente
1134 1392 1250 1456 che
1282 1392 1344 1455 le
1375 1412 1518 1455 cose
1550 1391 1784 1456 vadino
1815 1391 2016 1457 molto
2049 1391 2233 1455 male.

1019 1481 1102 1546 Li
1135 1482 1327 1549 Conti
1361 1481 1426 1545 di
1461 1480 1654 1546 Sdrin
1690 1488 1756 1545 ct
1806 1482 2047 1547 Tersaz
2078 1483 2133 1545 si
2182 1503 2336 1546 sono
2388 1481 2597 1547 offerti
2636 1482 2738 1545 far
2768 1480 2971 1545 levate
3004 1480 3077 1545 di

807 1572 1051 1649 Oronti,
1084 1577 1150 1636 et
1181 1572 1229 1636 il
1281 1570 1451 1635 Palfi
1501 1570 1891 1655 d'Ungheri.
1942 1571 2033 1636 Di
2083 1572 2295 1638 Viena
2344 1571 2391 1636 li
2428 1576 2507 1635 21
2552 1569 2829 1637 Ottobrc
2885 1575 3083 1635 1623.

816 1659 907 1724 Di
937 1660 1187 1727 Vostra
1219 1660 1519 1727 Serenita

1748 1750 2199 1817 Humilissimo
2232 1759 2296 1816 et
2331 1750 2766 1818 Devotissimo
2800 1773 2980 1819 servo

1888 1839 2081 1906 Marc
2110 1840 2404 1908 Antonio
2442 1843 2753 1909 Padavin.

1784 2022 1847 2029 ιω..-

1573 2169 1765 2230 1623.
1813 2165 2180 2231 october
2228 2170 2331 2230 28.

1025 2309 1451 2375 8616111881ωο
1503 2309 1807 2392 Principe
1829 2358 2031 2373 .....
2085 2307 2257 2374 80110
2309 2316 2477 2375 state
2526 2311 2867 2377 intercette
2922 2332 3087 2376 nove

810 2399 1036 2466 lettere
1069 2398 1172 2465 del
1203 2399 1510 2465 Palatino
1544 2402 1770 2465 scritte
1802 2420 1843 2465 a
1875 2396 2118 2480 Gabor,
2152 2406 2217 2465 et
2248 2399 2315 2464 (11
2346 2400 2658 2465 Mansfelt
2710 2422 2964 2477 ancora,
3012 2408 3087 2467 ct

811 2511 966 2555 sono
998 2490 1062 2553 di
1095 2490 1322 2567 dedici,
1354 2489 1696 2567 diecisette,
1749 2495 1814 2554 et
1862 2488 2187 2555 diecinove
2238 2490 2341 2554 del
2393 2498 2670 2573 passato.
2722 2491 2802 2556 In
2852 2500 3085 2575 queste

812 2580 1040 2645 lettere
1071 2579 1334 2644 intendo
1367 2579 1415 2643 il
1447 2579 1750 2645 Palatino
1781 2580 1841 2644 le
1875 2580 2133 2658 scrivea,
2166 2580 2281 2645 che
2322 2581 2387 2644 la
2436 2586 2610 2646 rotta
2660 2580 2719 2645 d‘
2740 2580 3091 2647 Alberstat

813 2690 940 2736 non
974 2691 1090 2735 era
1121 2670 1269 2747 tale,
1301 2669 1494 2754 quale
1521 2670 1575 2734 si
1607 2671 1860 2736 andava
1892 2671 2297 2754 publicandO,
2330 2671 2445 2736 che
2478 2673 2532 2736 si
2562 2672 2814 2738 andava
2864 2673 3089 2738 rimet-

813 2761 1021 2838 tend0,
1057 2767 1123 2824 et
1154 2767 1372 2844 presto
1404 2759 1670 2824 sarebbe
1704 2766 1877 2826 stato
1916 2761 1982 2825 in
2032 2782 2409 2844 campagna,
2448 2763 2698 2827 aiutato
2750 2763 2834 2828 da
2884 2763 3085 2828 buoni

813 2850 1022 2928 amici,
1055 2851 1170 2915 che
1205 2852 1442 2916 11861886
1473 2871 1596 2932 pur
1629 2851 1831 2916 anche
1881 2851 2027 2934 egli,
2078 2857 2142 2915 et
2190 2852 2305 2916 che
2355 2851 2467 2936 piu
2514 2852 3087 2935 particolarmente

814 2939 1083 3007 sarebbe
1116 2946 1286 3006 stato
1348 2941 1758 3025 raguagliato
1810 2941 1895 3006 da
1934 2965 2020 3006 un
2071 2962 2186 3006 suo
2238 2942 2618 3026 consigliero
2669 2949 2915 3009 secreto
2962 2943 3089 3008 che

813 3032 922 3115 gia
971 3031 1024 3095 si
1075 3031 1396 3096 ritrovava
1445 3052 1486 3094 a
1535 3030 1768 3096 confini
1820 3032 1885 3096 di
1921 3031 2150 3109 Slesia,
2184 3053 2375 3097 senza
2407 3034 2701 3098 nominar
2732 3033 2836 3098 chi
2870 3034 2983 3108 sia,
3016 3039 3091 3097 et

815 3141 930 3206 per
980 3121 1076 3185 610
1128 3121 1175 3187 8’
1210 3121 1244 3184 e
1277 3122 1458 3186 datto
1491 3122 1713 3186 ordine
1765 3143 1880 3205 per
1932 3144 2241 3204 procurar
2291 3123 2356 3186 (11
2408 3122 2766 3200 ritrovarIO,
2816 3130 2881 3189 et
2932 3123 3089 3188 rite-

813 3212 1010 3277 ner10.
1045 3210 1360 3277 Mansfelt
1379 3209 1546 3276 116116
1583 3233 1696 3276 sue
1729 3212 1789 3276 le
1822 3219 2139 3294 promette
2170 3212 2291 3276 ben
2327 3218 2544 3295 presto
2576 3213 2635 3278 d’
2656 3216 2865 3278 uscire
2896 3211 3087 3277 anch’

814 3303 960 3386 egli,
990 3302 1385 3368 affermando
1417 3322 1590 3366 esser
1623 3308 2002 3367 mantenuto
2034 3301 2211 3368 dalla
2240 3303 2540 3380 Francia,
2580 3304 2756 3368 dalla
2776 3301 3089 3370 Serenita

813 3393 1060 3459 Vestra
1092 3398 1158 3457 et
1185 3393 1269 3456 da
1303 3391 1551 3458 Savoia.
1586 3390 1831 3475 Queste
1881 3393 2109 3457 lettere
2159 3391 2372 3456 danno
2424 3393 2751 3477 maggiore
2800 3393 3090 3458 fomento

813 3483 942 3549 alle
990 3484 1123 3549 voci
1157 3482 1338 3546 datte
1389 3482 1454 3545 di
1487 3505 1712 3564 sopra3
1764 3503 1917 3546 sono
1951 3488 2172 3546 tenute
2205 3483 2471 3558 occulte,
2521 3505 2794 3566 procuro
2824 3486 2979 3566 pero
3012 3482 3089 3546 di

814 3573 1090 3639 haverle.
1123 3571 1214 3638 Di
1247 3572 1458 3640 Viena
1489 3573 1534 3636 li
1568 3578 1652 3637 28
1687 3571 1961 3638 Ottobre
2000 3576 2190 3636 1623.
2223 3573 2312 3636 Di
2345 3573 2591 3640 Vostra
2624 3573 2923 3638 Serenita

1752 3698 2203 3764 Humilissimo
2236 3707 2300 3766 et
2331 3697 2760 3764 Devotissimo
2794 3696 2990 3764 Serve

1909 3790 2099 3855 Marc
2129 3788 2418 3855 Antonio
2450 3787 2760 3853 Padavin.

1034 4076 1457 4144 Serenissimo
1489 4077 1813 4161 Principe.
1843 4077 2080 4162 Doppo
2111 4077 2177 4142 la
2196 4098 2385 4160 presa
2406 4076 2472 4142 di
2494 4077 2815 4143 'Pernavia
2834 4077 3085 4160 postovi

817 4168 1048 4233 dentro
1098 4167 1322 4235 Gabor
1369 4189 1636 4232 numero
1685 4167 1985 4234 bastante
2022 4167 2089 4233 di
2139 4175 2325 4251 gente
2358 4189 2473 4251 per
2505 4166 2794 4232 custodia
2824 4165 2890 4230 di
2922 4187 3087 4244 essa,

819 4259 865 4322 s'
900 4259 933 4320 ὲ»
966 4259 1206 4324 andato
1256 4259 1625 4324 avanzando
1675 4258 1823 4323 nell'
1874 4258 2068 4336 Isola„
2118 4257 2235 4323 6116
2287 4259 2625 4323 chiamano
2664 4255 2823 4336 Sita,
2862 4263 2929 4322 et
2958 4255 3007 4321 s’
3048 4259 3085 4320 6

820 4348 1120 4414 condotto
1154 4349 1293 4414 sino
1325 4348 1388 4413 ai
1419 4349 1666 4433 Borghi
1699 4349 1765 4414 (11
1787 4350 2115 4430 Possonia,
2137 4348 2293 4413 dove
2315 4349 2367 4413 si
2389 4347 2657 4412 credeva
2677 4347 3087 4430 dissegnasse

821 4459 1048 4520 passar
1094 4438 1145 4503 il
1173 4439 1477 4504 Danubio
1511 4461 1628 4522 per
1664 4445 1922 4504 entrare
1955 4440 2100 4504 nell'
2133 4438 2445 4518 Austria3
2496 4459 2602 4502 ma
2654 4436 3001 4521 capitatole
3034 4436 3085 4501 il

823 4527 1166 4595 medesimo
1216 4529 1425 4595 Bassa
1475 4530 1539 4595 di
1589 4529 1887 4608 Bossina,
1936 4529 1982 4594 s’
2018 4530 2049 4592 ὲ·
2101 4528 2325 4594 risolto
2374 4551 2492 4594 con
2523 4533 2844 4611 quaranta
2876 4533 2940 4592 et
2970 4525 3037 4609 pi
3052 4529 3083 4590 '1
