3459 5300
912 324 1037 380 204
1226 326 1407 381 1626.
1444 331 2054 381 uxllcsnATAuozA‘rox.
2090 334 2286 377 κϋνετι
2323 328 2847 377 ειὸτεεαεειτὲεεκ.

906 518 1238 561 commuue
1270 496 1508 562 bonum
1540 500 1717 569 tueri
1729 497 1902 581 quod
1932 499 2145 581 ipsum
2175 494 2376 561 Cels⁸¹¹
2409 496 2580 560 Suae
2611 495 2996 559 acerrimum
3016 515 3170 576 quo-

905 610 1031 670 que
1078 586 1294 652 calcar
1344 587 1704 653 subdidisse
1751 589 1821 652 in
1871 587 2167 653 omnibus
2217 586 2501 652 consiliis
2553 592 2618 650 et
2667 584 3034 650 actionibus
3085 584 3170 647 ad

905 678 1076 743 hunc
1124 679 1532 761 potissimum
1580 677 1774 743 finem
1791 726 2162 743 .........
2229 684 2301 742 ut
2347 677 2782 763 restitutionis
2832 673 3168 739 exordium

908 768 1169 833 tandem
1219 788 1335 851 per
1382 790 1566 835 arma
1614 767 1798 832 fieret
1848 790 1924 833 ac
1974 768 2429 833 Protestantes
2479 768 2695 848 Reges
2727 772 2794 830 et
2831 765 3172 847 Principes

904 880 1243 923 numeroso
1277 859 1597 941 equitatui
1632 881 1747 924 suo
1778 860 2030 941 aliquot
2079 854 2556 923 Germanorum
2588 858 2907 939 Legiones
2939 856 3172 939 adjun-

908 954 1151 1031 gerent,
1184 971 1379 1031 quam
1410 949 1490 1014 ob
1524 970 1657 1013 rem
1692 951 1948 1014 iteratis
1969 948 2211 1013 vicibus
2240 949 2624 1032 permissum
2655 946 2808 1024 fore,
2843 954 2917 1010 ut
2947 944 3171 1011 Mans-

905 1039 1137 1104 feldius
1189 1036 1417 1105 Comes
1468 1040 1551 1104 ad
1604 1038 1860 1104 Oels¹¹⁰¹¹¹
1933 1036 2132 1105 Suam
2181 1060 2326 1103 cum
2377 1040 2700 1103 instructo
2754 1036 3053 1120 peditatu
3103 1058 3172 1101 se

906 1149 1099 1211 quam
1132 1130 1412 1213 primum
1445 1131 1778 1213 reciperet.
1813 1129 2056 1196 Verum
2090 1150 2217 1193 non
2249 1149 2357 1193 eas
2390 1130 2575 1206 vires,
2597 1149 2722 1191 non
2745 1132 2882 1191 tam
2912 1134 3168 1190 arctam

902 1221 1265 1285 animorum
1315 1219 1829 1304 conjunctionem
1877 1240 2015 1284 esse
2065 1226 2140 1283 ut
2187 1239 2568 1303 persuasum
2615 1216 2858 1282 habeat
2893 1217 3170 1283 lethalia

904 1310 1207 1394 Europae
1244 1310 1513 1375 vulnera
1544 1316 1717 1374 recte
1751 1312 1971 1375 sanari
2001 1330 2205 1394 posse,
2255 1310 2380 1374 nisi
2429 1306 2586 1374 belli
2635 1308 2857 1372 munia
2888 1306 3013 1391 ipsi
3042 1307 3169 1371 Re·

904 1422 1015 1482 ges
1048 1398 1297 1478 obeant,
1346 1402 1754 1485 propriisque
1785 1400 2084 1467 manibus
2115 1401 2404 1464 victrices
2453 1400 2678 1464 laurus
2697 1448 2890 1462 .....
2936 1397 3004 1461 in
3038 1418 3168 1461 una

905 1490 1257 1573 eademque
1288 1496 1506 1555 castra
1538 1491 1892 1556 conferant.
1927 1488 2036 1555 Ad
2070 1512 2264 1574 quam
2298 1490 2693 1555 sententiam
2725 1508 2870 1552 cum
2890 1487 3170 1571 Regiam

904 1601 1161 1663 quoque
1212 1579 1421 1647 Sertrem
1469 1582 1746 1646 maxime
1797 1580 2140 1665 proclivem
2190 1580 2539 1663 intelligat,
2590 1580 2748 1643 satis
2779 1579 3006 1642 mirari
3035 1598 3163 1641 non

902 1690 1088 1753 posse
1126 1670 1393 1736 diversis
1444 1671 1769 1736 mentibus
1821 1672 2042 1735 eodem
2060 1721 2433 1736 .........
2479 1671 2870 1753 inspiratum
2902 1674 2970 1733 et
3001 1667 3168 1733 fata-

902 1761 1027 1823 lem
1078 1782 1490 1842 consensum3
1553 1761 1832 1845 hincque
1882 1760 2158 1826 firmiter
2215 1765 2525 1838 statuere,
2589 1760 2988 1825 occasionem
3034 1778 3168 1822 om-

900 1850 1089 1923 nibus
1120 1850 1458 1916 desideriis
1490 1854 1780 1935 votisque
1812 1852 2120 1936 majorem
2152 1873 2279 1916 non
2327 1848 2976 1934 praetermittendam
3010 1868 3168 1923 esse,

900 1941 1137 2025 quippe
1170 1942 1334 2007 nihil
1385 1947 1520 2006 tam
1552 1943 1826 2007 arduum
1859 1948 1974 2007 aut
2023 1943 2341 2005 excelsum
2374 1941 2546 2023 quod
2592 1940 2735 2005 Deo
2760 1940 3030 2024 juvante
3065 1939 3168 2003 his

901 2030 1258 2115 conjunctis
1310 2031 1548 2097 viribus
1594 2054 2014 2116 perrumpere
2062 2037 2297 2115 queat3
2345 2031 2778 2116 periculorum
2831 2034 3050 2099 autem
3099 2038 3168 2093 et

898 2120 1141 2187 laboris
1162 2123 1519 2205 praemium
1556 2144 1683 2187 non
1704 2128 1960 2188 tantum
1992 2120 2294 2188 Silesiam
2315 2120 2468 2200 fore,
2500 2122 2611 2185 sed
2643 2122 3167 2205 potentissimum

898 2210 1141 2293 gloriae
1172 2218 1237 2275 et
1263 2212 1817 2295 magnanimitatis
1837 2234 2133 2297 campum
2155 2212 2399 2277 recludi
2432 2210 2777 2277 Austriam
2794 2262 2807 2275 .
2836 2261 2853 2274 .
2883 2262 2896 2275 .
2929 2230 3165 2293 regna·

899 2302 1047 2365 trici
1065 2351 1304 2367 ......
1350 2303 1584 2382 sedem,
1630 2302 2013 2369 Bohemiam
2063 2309 2276 2367 motus
2323 2304 2654 2385 praesenti
2687 2302 3002 2385 originem
3033 2300 3166 2365 Ba-

896 2392 1143 2456 variam
1175 2390 1464 2458 Palatini
1515 2394 1848 2476 sanguinis
1893 2393 2042 2457 odia
2089 2394 2445 2476 spirantem
2493 2394 2912 2457 victoriarum
2961 2396 3164 2455 mate-

898 2482 1063 2545 riam
1112 2480 1293 2546 offeri
1341 2489 1409 2546 et
1452 2483 1766 2567 trophaea
1816 2483 2146 2567 spondere.
2197 2482 2300 2547 De
2348 2484 2602 2566 reliquo
2652 2480 2908 2549 Oels¹¹⁰¹¹¹
2959 2480 3162 2546 Suam

899 2590 1015 2655 per
1046 2572 1379 2637 dimissum
1424 2574 1561 2658 jam
1610 2575 1935 2657 Legatum
1985 2574 2232 2639 cunctis
2283 2572 2590 2656 Regibus,
2635 2570 3050 2656 Principibus
3099 2578 3169 2637 et

903 2662 1181 2727 statibus
1232 2665 1479 2746 prolixe
1528 2670 1840 2730 testatum
1872 2686 2031 2744 esse,
2079 2665 2388 2748 quicquid
2421 2665 2486 2728 in
2520 2664 2948 2748 promovendo
2996 2685 3167 2729 com-

901 2751 1082 2816 muni
1112 2753 1231 2819 hoc
1283 2754 1539 2837 negotio
1586 2753 1832 2821 viribus
1877 2763 1944 2820 et
1989 2755 2274 2820 consiliis
2323 2761 2659 2838 praestare
2705 2753 2936 2834 valeat,
2984 2752 3170 2818 nullo

900 2843 1090 2908 modo
1121 2843 1655 2924 intermissuram‚
1684 2846 2034 2928 foedusque
2067 2845 2190 2910 sibi
2221 2844 2500 2910 maxime
2546 2844 2724 2911 cordi
2755 2845 3065 2922 futurum,
3097 2845 3166 2908 in

899 2931 1124 3015 primis
1154 2954 1303 2998 vero
1351 2956 1497 2999 cum
1527 2933 1740 3018 Regia
1790 2934 1956 3002 Serte
1997 2956 2153 3018 erga
2203 2957 2400 3018 quam
2431 2935 2607 3000 ultra
2655 2934 2995 3000 affinitatis
3025 2955 3168 2999 arc·

895 3021 1207 3106 tiorisque
1255 3024 2115 3104 necessitudinis·vinculum,
2165 3027 2362 3094 etiam
2393 3024 2793 3108 profundiori
2824 3024 3165 3108 magisque

896 3110 1083 3194 igneo
1106 3112 1337 3178 affectu
1358 3114 1666 3196 ducatur3
1698 3116 1867 3180 uude
1901 3117 2097 3180 etiam
2129 3116 2496 3199 propositus
2516 3115 2881 3181 conditione
2909 3135 3168 3179 summa

897 3223 1041 3266 cum
1074 3202 1413 3269 alacritate
1446 3206 1765 3288 amplecti,
1814 3205 2021 3288 primo
2055 3211 2128 3270 ut
2157 3213 2422 3270 mutuus
2454 3227 2637 3270 amor
2682 3208 2854 3271 inter
2885 3205 3168 3288 Regiam

896 3290 1111 3357 Sei-‘⁰¹¹¹
1144 3293 1733 3378 Celsitudinemque
1755 3297 1954 3378 ipsius
1988 3301 2298 3380 perpetuo
2325 3297 2446 3376 sit3
2479 3296 2757 3362 secundo
2791 3303 2863 3360 ut
2893 3295 3168 3360 consilia

895 3381 1067 3446 inter
1104 3403 1172 3447 se
1216 3382 1495 3466 jungant
1532 3392 1597 3449 et
1636 3386 1788 3468 quid
1840 3407 1918 3450 ex
1967 3408 2036 3450 re
2087 3393 2156 3450 et
2204 3409 2324 3451 usu
2358 3388 2443 3452 sit
2473 3392 2782 3452 statuant.
2835 3385 3062 3451 Tertio
3094 3390 3169 3450 ut

898 3471 1195 3555 impliciti
1244 3474 1442 3538 semel
1473 3473 1644 3540 bello
1688 3477 2010 3541 communi
2061 3476 2328 3542 consilio
2379 3485 2692 3561 suscepto,
2725 3495 2804 3541 ne
2836 3483 2981 3541 uter
3011 3475 3166 3540 inde

896 3560 1189 3627 discedat
1221 3569 1335 3627 aut
1366 3586 1512 3629 cum
1530 3564 1713 3630 hoste
1747 3567 2113 3650 paciscatur
2145 3573 2210 3630 et
2240 3573 2412 3650 agat,
2445 3567 2568 3632 nisi
2601 3566 3040 3634 consentiente
3073 3566 3165 3630 al-

896 3657 1072 3731 ter03
1105 3658 1169 3716 et
1202 3652 1390 3717 simul
1412 3657 1946 3739 compraehens03
1979 3677 2146 3738 quae
2165 3679 2282 3740 pro
2307 3665 2598 3740 tempore
2629 3657 2870 3723 Serm'*m
2902 3656 3162 3725 Oels¹²⁰¹¹¹

896 3737 1095 3806 Suam
1130 3741 1367 3807 invicto
1390 3750 1455 3807 et
1474 3746 1918 3827 potentissimo
1957 3744 2310 3812 Suecorum
2341 3749 2510 3830 Regi
2543 3769 2737 3832 super
2769 3747 2990 3812 arduis
3017 3768 3165 3829 gra-

896 3829 1206 3914 vibusque
1238 3834 1564 3900 mandatis
1596 3835 1850 3901 Nobilis
1900 3835 2192 3920 Philippi
2231 3836 2488 3904 Sadleri
2521 3837 2911 3904 declarando
2944 3837 3165 3902 existi-

897 3941 1105 3984 masse
1155 3923 1431 4005 petendo
1466 3931 1555 3989 ‘ut
1602 3926 1814 4007 Regia
1865 3924 2057 3991 Sei-‘³¹⁸
2106 3947 2225 4010 pro
2276 3927 2592 4009 singulari
2641 3928 2994 4013 prudentia
3043 3950 3167 3992 sua

896 4009 1225 4093 animique
1258 4015 1641 4080 rectitudine
1673 4017 1984 4094 consulat,
2017 4017 2072 4080 si
2104 4015 2314 4083 Cels⁶⁰
2347 4016 2484 4084 Sua
2516 4019 2618 4084 vel
2649 4018 2848 4083 nimio
2881 4017 3165 4084 candore

894 4101 993 4164 vel
1041 4101 1153 4184 pia
1202 4101 1607 4169 solicitudine
1660 4105 1756 4170 vel
1807 4107 1873 4170 in
1923 4107 2416 4190 Rempublicam
2475 4109 2928 4174 ardentissimo
2977 4129 3166 4192 prae-

897 4190 1080 4272 cipue
1130 4191 1266 4255 zelo
1315 4192 1577 4260 liberius
1635 4196 1952 4278 judicium
2008 4197 2248 4263 tulerit..
2319 4195 2533 4281 Quam
2584 4200 2663 4264 de
2712 4205 2967 4264 coetero
3012 4218 3164 4262 cum

899 4285 1037 4343 tota
1083 4280 1309 4434 itnctzlita
1356 4282 1603 4350 familia
1652 4285 1822 4350 domi
1876 4286 2158 4370 forisque
2207 4297 2520 4372 perpetuo
2569 4288 2798 4355 florere
2831 4311 2906 4354 ex
2941 4289 3166 4354 animo

898 4390 1093 4454 perop
1127 4391 1160 4432 e
1195 4420 1207 4432 .
