3459 5300
854 388 883 443 1
898 388 931 443 3
942 388 978 443 2
1176 386 1204 441 1
1220 386 1299 443 62
1311 388 1363 442 3.
1386 392 1625 441 ’1111110611
1633 391 1836 441 11111011
1845 403 2000 442 nox.
2035 392 2240 441 norm-1
2269 391 2795 440 mmmmm-raam.

1067 558 1399 625 Secunda:
1433 557 1795 624 Continuus
1827 556 2068 624 Orator
2103 557 2286 625 Sermi
2333 558 2446 624 D¹¹³
2477 559 2806 643 Principis
2839 559 2922 623 ad
2960 559 3116 624 Por·

852 657 985 716 tam
1018 649 1447 733 potentissimi
1499 650 1862 714 'Parcarum
1912 650 2336 732 Imperatoris
2387 652 2790 726 constitutus,
2839 650 3120 732 primum

849 762 966 825 per
996 740 1320 823 Legatum
1373 737 1555 805 serm
1599 740 1799 822 Regis
1852 737 2240 818 Galliarum,
2287 740 2517 804 deinde
2549 742 2744 805 etiam
2779 739 3121 825 Oratorem

849 831 1155 897 Statuum
1175 828 1716 895 Hollandensium
1737 829 1861 893 fuit
1881 830 2265 908 admonituS‚
2299 830 2468 913 quod
2503 829 2698 895 serm
2729 830 3126 914 Respublica

850 943 992 989 oum
1026 921 1205 1002 Rege
1245 915 1613 984 Galliorum
1664 925 1727 984 et
1784 919 1967 984 Duce
2019 918 2386 985 Sabaudiae
2419 918 2815 987 Voltelinam
2856 920 3124 1003 imperio

850 1012 1101 1079 Veneto
1160 1011 1589 1093 propinquam
1644 1016 1709 1073 et
1758 1010 2034 1074 vicinam
2085 1010 2478 1093 provinciam
2531 1032 2572 1075 a
2611 1012 2769 1095 jugo
2821 1016 2886 1075 et
2933 1010 3125 1075 servi-

846 1106 988 1166 tute
1020 1094 1224 1183 Regis
1256 1100 1727 1184 Hispaniarum
1761 1100 2018 1165 omnino
2052 1099 2490 1166 eliberandam
2521 1102 2858 1166 statuisset
2891 1101 3124 1179 armis;

849 1190 1260 1275 postmodum
1311 1190 1504 1254 etiam
1555 1190 1834 1254 relatum
1887 1189 2082 1255 serm
2132 1191 2424 1274 Principi
2474 1191 2689 1269 fuisse,
2728 1190 3124 1255 differentias

849 1284 1007 1346 istas
1054 1282 1122 1345 in
1171 1280 1539 1345 universum
1584 1280 1784 1344 fuisse
1837 1279 2142 1359 sublatas,
2175 1286 2370 1364 atque
2419 1303 2688 1364 regnum
2722 1279 2788 1346 S.
2827 1280 3126 1347 Pontifici

850 1373 1164 1448 RomanO,
1194 1376 1507 1453 tanquam
1558 1392 1806 1435 summo
1859 1368 2106 1435 arbitro
2166 1370 2363 1435 fuisse
2412 1372 2814 1454 permissum.
2857 1370 3127 1435 Interea

850 1462 1046 1526 etiam
1110 1459 1245 1526 Sua
1297 1458 1487 1525 Serta*
1520 1480 1645 1524 non
1708 1458 1868 1525 satis
1931 1466 2129 1538 certa,
2191 1462 2882 1527 recommendationem
2944 1460 3124 1525 illam

854 1572 1102 1617 summo
1133 1549 1437 1616 Pontifici
1469 1550 1708 1614 factam
1758 1550 1994 1615 iterum
2027 1549 2407 1633 abrogatam
2458 1558 2523 1616 et
2571 1550 2894 1616 sublatam
2925 1551 3126 1616 fuisse

859 1642 1121 1718 audivit,
1172 1640 1744 1723 Hispanorumque
1793 1640 2187 1724 praesidium
2218 1640 2376 1706 locis
2410 1642 2704 1707 omnibus
2735 1641 3126 1725 impositum,

852 1752 1118 1816 regnum
1174 1730 1383 1795 denuo
1433 1737 1711 1813 captum,
1763 1747 1994 1815 passus
2051 1730 2356 1795 liberatos
2420 1732 2654 1796 iterum
2716 1733 3127 1815 interceptos,

852 1827 1108 1906 gentem
1143 1820 1443 1884 miseram
1476 1826 1541 1884 et
1572 1818 1885 1885 afflictam
1936 1821 2004 1884 in
2056 1821 2284 1885 duram
2334 1822 2635 1887 cecidisse
2668 1822 3127 1904 captivitatem.

1070 1906 1289 1992 Quare
1339 1910 1511 1993 quod
1564 1910 1617 1975 si
1669 1931 1772 1974 res
1822 1912 1916 1975 ita
1966 1932 2032 1975 se
2083 1912 2339 1993 habent,
2391 1919 2454 1976 et
2504 1910 2702 1977 serm
2733 1912 3130 1995 Respublica

852 2024 996 2069 oum
1030 2001 1217 2065 dictis
1250 1999 1663 2088 Principibus
1714 2002 1784 2064 in
1835 2021 1912 2065 ea
1962 2022 2374 2084 perseverare
2425 2003 2654 2067 statuit
2683 2004 3023 2083 sententia,
3054 2008 3130 2066 ut

850 2114 1122 2177 regnum
1171 2091 1449 2156 vicinum
1499 2092 1703 2174 priori
1754 2091 2055 2156 restituat
2101 2090 2406 2173 libertati,
2447 2091 2668 2158 Sermm*
2711 2113 2969 2175 quoque·
3006 2092 3128 2157 D¹¹⁵

850 2184 1163 2265 Princeps
1195 2188 1429 2259 noster,
1462 2202 1579 2264 per
1608 2202 1719 2244 vos
1753 2181 2104 2263 requisitus
2158 2188 2223 2246 et
2271 2182 2676 2259 celtificatuS‚
2724 2189 2995 2265 paratus
3031 2190 3131 2245 est

850 2295 977 2338 non
1010 2274 1191 2357 prius
1224 2270 1305 2336 ab
1338 2270 1535 2336 armis
1570 2270 1783 2353 gratia
1813 2272 2037 2337 Vestri
2087 2272 2431 2351 discedere,
2483 2294 2607 2336 non
2659 2294 2886 2355 pacem
2923 2272 3128 2337 ullam

851 2361 1385 2443 concordiamque
1419 2382 1563 2427 cum
1594 2361 1998 2444 Imperatore
2045 2361 2323 2441 firmare,
2357 2385 2550 2445 quam
2584 2384 2853 2445 regnum
2885 2370 2950 2427 et
2980 2384 3128 2447 pas-

854 2476 961 2519 sus
979 2450 1375 2520 Voltellinae
1396 2450 1445 2515 J
1449 2452 1550 2516 uri
1582 2472 1699 2515 suo
1731 2452 1998 2534 antiquo
2030 2452 2516 2535 integritatique
2551 2452 2746 2517 fuerit
2769 2453 3127 2517 restitutus.

1069 2540 1180 2606 Ad
1212 2548 1583 2619 extremum,
1636 2541 1703 2605 in
1743 2542 2058 2606 mittenda
2107 2542 2464 2625 Legatione
2515 2543 2598 2607 ad
2651 2542 2846 2609 Serum
2877 2543 3132 2609 Princi-

854 2655 1001 2718 pem
1036 2630 1382 2697 difficultas
1414 2630 1596 2696 nulla
1629 2632 1884 2696 omnino
1935 2632 2073 2697 erit.
2106 2632 2280 2699 Nam
2331 2634 2384 2698 si
2427 2632 2724 2718 placebit,
2757 2657 2886 2698 una
2918 2633 3131 2698 nobis-

854 2747 1000 2789 cum
1032 2744 1227 2805 quam
1260 2723 1660 2788 securissime
1694 2722 1776 2786 ad
1818 2721 2019 2788 Suam
2053 2721 2264 2789 861*ἲθιιι
2302 2726 2633 2808 pervenire
2683 2731 2928 2807 potest:
2979 2724 3132 2789 inde

856 2813 1031 2880 Ser¹¹⁸
1074 2814 1389 2896 Princeps
1437 2813 1761 2878 tutissima
1798 2812 2021 2878 addita
2071 2821 2138 2878 et
2185 2814 2493 2898 adjuncta
2543 2815 2843 2878 comitiva
2873 2815 3134 2879 honori-

854 2904 972 2970 fice
1034 2903 1409 2986 Szarayum,
1470 2902 1569 2967 vel
1629 2903 1683 2967 si
1746 2903 1838 2967 ita
1901 2902 2096 2986 lubet,
2159 2905 2244 2969 ad
2307 2926 2486 2970 mare
2547 2925 2753 2988 usque
2813 2905 3131 2971 deducere

857 2994 1247 3080 procurabit.

1070 3083 1307 3167 Doppo
1367 3082 1544 3162 Ietta,
1573 3083 1817 3166 rispose
1870 3082 2005 3148 Sua
2051 3079 2221 3149 861ιὲι
2268 3084 2383 3148 6116
2432 3084 2667 3149 vedeva
2699 3105 2840 3149 esso
2891 3083 3133 3167 Signor

859 3175 1279 3242 Internuntio
1327 3172 1665 3238 volentieri
1714 3179 1783 3237 et
1831 3195 1950 3237 con
1998 3175 2200 3238 molto
2249 3173 2474 3239 affetto
2520 3175 2583 3238 lo
2616 3180 2965 3251 accettava‚
3000 3185 3132 3240 cosi

858 3289 971 3350 per
1010 3265 1051 3329 l’
1072 3285 1288 3329 amore
1322 3264 1438 3328 che
1472 3268 1649 3327 tutta
1711 3263 1778 3327 la
1827 3263 2192 3347 Republica
2222 3271 2412 3348 porta
2463 3265 2529 3328 al
2561 3263 2797 3347 Signor
2827 3265 3133 3349 Principe

858 3357 1117 3421 stimato
1168 3360 1627 3419 sommamente
1664 3375 1783 3435 per
1833 3353 1896 3417 la
1948 3375 2066 3418 sua
2115 3355 2288 3418 virtu
2339 3361 2403 3418 et
2453 3354 2822 3438 dignissime
2860 3355 3134 3438 qualitit,

858 3467 1035 3512 come
1068 3465 1227 3509 anco
1258 3443 1494 3528 perche
1528 3464 1683 3508 sono
1734 3445 1906 3526 grati
1957 3449 2024 3508 et
2071 3445 2301 3510 accetti
2340 3445 2428 3527 gli
2461 3444 2656 3508 ufficii
2709 3465 2827 3509 con
2878 3447 2900 3510 i
2950 3446 3135 3529 quali

858 3536 1365 3619 maggiormente
1396 3533 1576 3597 viene
1628 3555 1667 3598 a
1716 3533 2100 3599 confirmare
2126 3534 2192 3600 la
2230 3557 2348 3599 sua
2393 3534 2608 3599 buona
2655 3535 2914 3600 volonta
2963 3536 3136 3601 altre

858 3625 1027 3692 volte
1076 3623 1475 3690 dimostrata.
1524 3621 1659 3688 Che
1710 3623 1909 3689 molto
1962 3624 2024 3687 lo
2062 3626 2459 3709 ringratiava
2491 3624 2637 3691 dell'
2658 3624 3014 3709 allegrezza
3045 3627 3137 3691 da

859 3716 955 3781 lui
987 3735 1281 3798 espressa
1310 3734 1427 3796 per
1458 3713 1876 3778 l’assontione
1923 3715 1985 3778 al
2018 3715 2414 3799 PrincipatO,
2447 3722 2511 3780 et
2548 3715 2882 3780 volontieri
2914 3717 3136 3780 incon-

861 3807 1039 3870 trera
1087 3803 1415 3870 occasione
1466 3803 1534 3867 di
1581 3808 2018 3887 ricompensar
2068 3827 2188 3870 con
2226 3805 2427 3870 effetti
2460 3809 2588 3871 cosi
2621 3811 2864 3870 cortesc
2896 3805 3137 3886 ufficiO‚

862 3895 966 3960 del
1015 3894 1209 3978 quale
1257 3895 1471 3958 tenira
1518 3901 1832 3977 perpetua
1869 3897 2192 3960 memoria.
2242 3896 2335 3960 Et
2384 3904 2626 3979 quanto
2677 3917 2718 3960 a
2765 3897 2980 3978 quello
3013 3897 3140 3962 che

862 4007 977 4069 per
1028 4005 1211 4050 nome
1261 3983 1365 4048 del
1414 3985 1717 4068 Principe
1770 3984 1896 4066 egli
1944 3985 2031 4049 ha
2081 3992 2334 4070 esposto
2385 3987 2557 4051 nella
2607 3985 2928 4064 scrittura,
2979 3990 3139 4071 quei

864 4074 1127 4158 Signori
1156 4072 1323 4140 Exmi
1355 4095 1434 4138 ne
1465 4074 1834 4140 haveranno
1866 4075 1930 4140 la
1962 4077 2468 4155 consideratione
2499 4077 2615 4141 che
2648 4076 2703 4140 si
2735 4078 3034 4142 conviene
3070 4086 3142 4142 et

862 4185 945 4228 ne
975 4164 1249 4229 faranno
1294 4164 1360 4228 la
1392 4165 1685 4248 risposta.
1716 4165 2038 4230 Fratanto
2070 4187 2136 4230 se
2168 4166 2258 4250 gli
2289 4187 2546 4232 occorre
2577 4166 2808 4232 alcuna
2841 4188 3006 4250 cosa,
3041 4169 3142 4251 gli

864 4260 1181 4337 promette
1210 4261 1553 4339 prontezza
1583 4262 2088 4339 accompagnata
2119 4278 2237 4321 con
2274 4258 2408 4321 veri
2439 4257 2644 4322 affetti
2682 4256 2747 4321 di
2777 4279 2996 4321 amore
3025 4259 3144 4323 nel

864 4344 1076 4428 dargli
1138 4346 1287 4428 ogni
1348 4346 1677 4428 maggiore
1740 4346 2212 4412 soddisfatione.
2268 4345 2372 4412 Ne
2438 4349 2492 4413 si
2554 4347 2932 4414 tralasciera¹
2981 4369 3142 4414 cosa

866 4433 983 4499 che
1014 4456 1206 4518 possa
1236 4435 1500 4518 essergli
1533 4435 1599 4498 di
1630 4436 1960 4501 commodo
1991 4444 2057 4502 et
2087 4437 2318 4501 utilita.
2345 4435 2482 4502 Con
2517 4438 2634 4502 che
2663 4458 2856 4521 presa
2885 4437 3142 4505 licenza

865 4524 921 4590 si
950 4527 1138 4610 parti.
