3459 5300
1167 363 1354 424 1626.
1389 370 1573 421 61111118
1615 366 1710 423 11.
2448 364 2569 421 63ΐ

311 540 568 621 Regum
631 545 996 604 nostrorum
1059 545 1330 605 conatus
1392 540 1722 624 impedire,
1775 546 1839 605 et
1871 547 1943 605 ut
1975 540 2317 605 inclinaret
2366 540 2575 605 socius

311 630 414 695 vel
447 630 754 695 adversus
816 629 1060 713 grande
1091 636 1486 695 momentum
1535 632 1725 697 rebus
1760 629 2013 697 adferre
2046 632 2266 715 possit,
2329 630 2575 694 nullum

315 742 454 785 esse
487 720 752 786 dubium
805 722 961 801 quin
1011 719 1262 785 Domus
1325 720 1603 787 Austria
1665 729 1799 787 tam
1863 722 2145 788 validum
2210 721 2581 803 Principem

319 811 584 877 arctiori
638 811 924 877 amicitia
955 833 1033 877 ac
1061 811 1318 876 foedere
1351 811 1471 876 sibi
1503 812 1881 877 devinctura
1912 814 2013 890 sit,
2043 820 2119 877 ut
2150 813 2381 893 Regna
2410 812 2582 875 ferro

316 900 722 985 flammisque
786 922 1037 985 semper
1100 902 1392 984 exposita
1424 902 1508 966 ab
1556 903 1821 968 immani
1885 903 2067 968 hoste
2130 909 2275 967 tuta
2334 901 2581 978 reddat,

314 993 646 1074 ipsiusque
678 992 812 1058 tela
841 992 908 1055 in
941 1014 1088 1057 suos
1121 992 1521 1058 adversarios
1554 992 1795 1059 cribret
1827 1000 1892 1057 et
1916 994 2315 1077 detorqueat.

533 1082 710 1147 Nam
741 1104 782 1145 a
813 1104 962 1147 vero
995 1082 1344 1165 quicquam
1380 1083 1726 1149 abhorrere
1790 1084 2137 1149 Caesarem
2170 1082 2579 1149 Catholicum

319 1184 385 1236 et
417 1171 649 1239 afflicti
683 1172 855 1237 orbis
890 1173 1246 1239 Christiani
1267 1180 1462 1257 caput
1480 1174 1599 1238 tali
1621 1175 1810 1239 modo
1843 1174 2191 1239 crudeliter
2222 1174 2289 1237 in
2321 1172 2587 1256 propria

319 1262 612 1327 membra
663 1263 970 1339 desevire,
1003 1284 1146 1327 611111
1179 1264 1298 1328 1011
1331 1265 1570 1329 1111111116
1634 1272 1883 1330 constet
1944 1286 2141 1348 quam
2193 1262 2474 1346 graviter
2506 1260 2585 1325 de

328 1353 750 1419 clandestinis
785 1375 930 1419 cum
965 1354 1378 1419 Ottonianica
1409 1354 1598 1419 domo
1632 1356 1913 1420 consiliis
1966 1354 2180 1437 Regni
2234 1352 2585 1418 Bohemiae

323 1444 556 1509 Status
619 1444 946 1527 conquesti
1012 1445 1156 1509 sint.
1207 1442 1329 1508 0111
1363 1446 1626 1509 accedet
1677 1446 1850 1529 quod
1882 1452 2031 1510 aute
2065 1466 2305 1528 paucos
2336 1462 2586 1507 menses

322 1534 584 1618 publica
615 1534 790 1601 fama
821 1535 1173 1599 innotuerit
1205 1536 1400 1600 etiam
1433 1536 1909 1618 Hispaniarum
1944 1538 2189 1623 Regem
2244 1532 2585 1617 (hactenus

323 1625 404 1688 de
439 1626 786 1691 sanctitate
820 1646 955 1701 sua,
1019 1630 1083 1689 61,
1113 1625 1426 1689 acerrimo
1458 1635 1682 1692 eontra
1720 1627 2014 1691 infideles
2047 1626 2193 1690 odio
2241 1622 2585 1705 magnifica

329 1716 574 1779 iactare
607 1713 893 1797 solitum)
929 1738 1098 1779 1111116
1130 1715 1194 1778 111
1216 1716 1503 1781 comunis
1536 1718 1967 1799 Evangelio-ae
2000 1717 2093 1781 rei
2126 1735 2430 1799 praesens
2462 1714 2589 1777 exi-

325 1807 488 1869 tium
519 1826 560 1870 a
591 1804 1060 1871 Mussulmanis
1123 1826 1346 1887 pacem
1411 1808 1831 1874 emendicare.
1883 1806 2073 1891 Quod
2112 1828 2185 1871 eo
2218 1802 2589 1871 credibilius

327 1902 444 1972 est,
476 1918 604 1979 quo
637 1895 848 1979 gentis
879 1895 1138 1961 Iberiae
1173 1918 1292 1961 usu
1322 1897 1668 1978 probatum
1703 1900 1957 1964 axioma
2020 1896 2259 1963 clarius
2292 1892 2590 1969 innotuit,

331 1986 494 2050 nihil
523 1993 712 2069 turpe
736 2035 750 2062 ‚
812 1986 866 2050 si
918 1985 1336 2051 dominationi
1405 1988 1736 2054 conducat.
1790 1988 1921 2053 Ubi
1955 1988 2151 2054 altius
2185 1984 2589 2051 consideran-

327 2077 482 2141 dum
517 2076 687 2159 quod
719 2076 966 2141 Domus
1001 2074 1278 2142 Austria
1308 2077 1429 2142 hoc
1461 2100 1614 2143 casu
1647 2080 1986 2161 antiquum
2018 2078 2311 2143 obtineat
2340 2081 2414 2139 ut
2444 2080 2593 2156 pote

330 2188 500 2249 quae
531 2167 847 2232 anteactis
911 2166 1310 2252 temporibus
1365 2168 1484 2233 sub
1517 2169 1799 2253 imagine
1832 2169 2099 2252 pietatis
2132 2174 2198 2231 et
2232 2167 2407 2231 fama
2436 2163 2591 2229 belli

331 2258 592 2323 Turcici
627 2254 1050 2323 Germaniam
1082 2258 1477 2342 gravissimis
1528 2260 1969 2325 exactionibus
2001 2258 2223 2323 crebro
2256 2255 2594 2331 dimicavit,

334 2354 398 2412 61
429 2354 580 2432 post
626 2346 855 2413 habita
904 2346 1262 2413 Christiani
1325 2349 1599 2414 nominis
1664 2350 2025 2417 reverentia
2088 2354 2279 2415 aucto
2339 2353 2589 2410 terrore

333 2437 690 2503 infidelium
738 2437 1031 2503 Patriam
1064 2438 1470 2519 exhauserit3
1535 2440 1711 2505 ultra
1744 2440 1916 2523 quod
1948 2438 2311 2505 Pontificiis
2343 2434 2595 2501 Princi-

333 2529 522 2613 pibus
556 2528 838 2595 solemne
869 2527 970 2607 sit,
1032 2536 1107 2593 ut
1137 2531 1204 2594 in
1237 2534 1524 2595 extrema
1555 2531 1937 2597 necessitate
1968 2532 2383 2613 Paganorum
2418 2526 2595 2591 auxi-

334 2618 426 2685 lia
457 2624 756 2705 prompte
819 2619 1160 2686 admodum
1226 2620 1588 2703 implorent,
1652 2622 1825 2706 quod
1863 2622 2079 2705 Papas
2130 2616 2499 2702 Aragonios
2532 2620 2597 2680 et

334 2709 596 2776 Sforzas
629 2710 851 2775 fecisse
882 2710 1128 2793 liquido
1159 2717 1427 2777 constat.

549 2801 739 2866 Unde
799 2801 1094 2885 inprimis
1128 2803 1560 2867 necessarium
1595 2808 1710 2884 est,
1743 2808 1816 2867 ut
1851 2802 2285 2866 emolumenta
2318 2821 2485 2882 quae
2520 2821 2595 2862 ex

335 2891 498 2955 inito
531 2913 678 2956 cum
711 2891 944 2957 Turcis
977 2891 1231 2957 foedere
1265 2893 1348 2957 ad
1381 2891 1799 2958 Austriacam
1864 2892 2149 2958 Domum
2213 2889 2595 2966 redundant,

338 2989 640 3047 accurate
673 2981 1115 3065 ponderemus,
1149 2991 1213 3048 et
1247 2989 1379 3048 tam
1412 2983 1654 3066 publici
1677 2983 2067 3048 discriminis
2088 2979 2597 3064 magnitudinem

335 3073 570 3150 metiri,
635 3094 830 3156 quam
892 3073 1161 3156 periculi
1195 3073 1400 3140 nostri
1436 3097 1664 3139 causas
1725 3074 2121 3156 inuestigare
2153 3094 2281 3137 non
2314 3077 2599 3154 praeter-

337 3165 691 3228 mittamus,
741 3163 1002 3227 Etenim
1070 3165 1244 3246 apud
1275 3165 1516 3245 peritos
1548 3186 1769 3228 rerum
1800 3172 1984 3228 extra
2016 3163 2281 3228 dubium
2314 3168 2411 3225 est
2442 3181 2601 3244 pace

337 3254 509 3319 inter
586 3251 934 3318 Gaesarem
997 3259 1062 3317 et
1124 3253 1602 3320 Ottomanicam
1680 3260 1935 3338 gentem
2015 3252 2321 3331 stabilita,
2382 3251 2602 3334 Unga-

341 3345 524 3419 riam,
573 3350 916 3426 utramque
963 3343 1321 3423 Austriam‚
1390 3343 1816 3426 Carinthiam,
1867 3345 2239 3411 Carniolam
2290 3349 2357 3406 et
2406 3339 2602 3406 Oroa-

341 3435 518 3514 tiam,
578 3432 977 3512 Bohemiam,
1029 3435 1182 3500 item
1243 3435 1606 3501 Moraviam
1640 3441 1706 3500 61
1745 3435 2045 3500 Silesiam
2109 3453 2361 3516 semper
2423 3436 2603 3496 tutas

341 3529 408 3588 et
465 3529 736 3606 pacatas
799 3524 1118 3606 simulque
1197 3525 1368 3590 bello
1429 3527 1494 3590 111
1559 3525 1803 3608 Regnis
1882 3525 2119 3590 nostris
2199 3521 2603 3588 accendendo

344 3613 632 3679 fomitem
711 3614 942 3680 alendo
1017 3617 1358 3681 materiam
1435 3618 1587 3692 sore.
1671 3616 1838 3682 Cum
1902 3614 2161 3680 turbato
2224 3619 2400 3679 statu
2461 3613 2605 3696 ipsa

343 3703 602 3772 Vienna
634 3725 746 3770 cor
777 3726 854 3770 ac
886 3705 1065 3770 sedes
1101 3705 1400 3772 Caesaris
1463 3729 1695 3790 parum
1759 3727 1983 3771 secura
2044 3711 2111 3771 61
2169 3711 2307 3769 tam
2368 3724 2606 3786 magna

346 3797 490 3860 auri
553 3795 737 3879 copia
799 3796 1025 3879 ingens
1088 3797 1360 3861 militiae
1421 3819 1725 3862 numerus
1790 3821 1864 3862 ae
1926 3797 2130 3861 omnis
2194 3795 2605 3861 consiliorum

345 3887 800 3968 actionumque
831 3887 930 3952 uis
961 3893 1186 3952 contra
1219 3887 1551 3953 Barbaros
1588 3886 1935 3966 vertenda3
1984 3887 2200 3970 sicque
2256 3907 2296 3950 a
2344 3885 2605 3968 proprio

347 3975 844 4042 Austriacorum
877 3977 1266 4061 patrimonio
1297 3977 1500 4043 hostis
1533 3979 1692 4042 adeo
1710 3984 1939 4063 potens
1972 3984 2038 4042 et
2069 3977 2369 4042 immanis
2388 3996 2607 4040 arcen-

347 4066 467 4130 dus
501 4069 602 4130 sit.
635 4066 729 4131 Ut
760 4074 1243 4150 praetereamus
1309 4069 1464 4148 quid
1527 4067 1919 4134 Germanico
1982 4066 2267 4150 Imperio
2316 4073 2414 4130 tot
2461 4066 2608 4129 hor-

347 4157 566 4221 rendis
627 4157 1014 4223 factionibus
1077 4158 1279 4223 diviso
1343 4159 1941 4224 Mussulmanorum
2009 4179 2165 4241 gens
2226 4177 2353 4221 non
2392 4157 2609 4220 valeat

350 4253 699 4330 praestare,
763 4249 1146 4332 praesertim
1178 4251 1233 4314 si
1264 4250 1680 4332 promittente
1713 4250 1847 4314 fato
1880 4249 2216 4313 Austriaci
2277 4246 2607 4311 nobiscum

350 4337 698 4420 aliquando
720 4337 1061 4405 infeliciter
1073 4346 1440 4422 pugnarent
1459 4346 1522 4404 et
1543 4340 2103 4423 appropinquante
2122 4344 2257 4403 tam
2269 4337 2610 4402 diuturnae

351 4427 832 4494 Dominationis
893 4429 1174 4512 periodo,
1215 4429 1406 4494 finem
1439 4451 1514 4494 ac
1552 4429 1888 4495 interitum
1950 4429 2237 4494 familiae
2272 4451 2425 4494 suae
2458 4433 2609 4492 ante

353 4518 570 4582 oculos
602 4519 952 4602 haberent3
1004 4521 1251 4603 hacque
1302 4521 1550 4586 ratione
1587 4521 1648 4584 in
1682 4520 2191 4604 desperationem
2224 4520 2353 4584 acti
2386 4519 2612 4583 ruinae

3392 351 3404 421 —4
