3459 5300
2191 250 2250 318 X

860 374 984 429 208
1178 373 1361 431 1626.
1385 381 2004 431 uxAcsnnAnoznox.
2037 384 2236 427 now-:rx
2271 360 2800 453 uibransnszrsssnxss

860 547 1028 627 dere,
1094 554 1159 611 et
1208 547 1302 612 ita
1359 567 1555 629 equos
1608 553 1804 630 atque
1853 546 2143 613 homines
2193 545 2380 624 fame,
2431 546 2604 629 quod
2653 565 2770 610 nos
2819 552 2968 611 ante
3007 547 3131 610 hac

858 634 1221 703 Comi-tibus
1271 637 1625 719 Bucquirio
1656 644 1724 701 et
1757 636 1836 702 de
1868 638 2094 703 Monte
2140 636 2206 701 N
2209 658 2363 720 egro
2393 637 2676 715 fecimus,
2731 636 2816 701 ad
2862 636 3131 721 languo-

856 748 991 794 rem
1024 727 1421 810 pertrahere.
1454 727 1636 792 Deus
1669 726 1836 791 faxit
1854 727 2096 793 bellum
2117 734 2402 792 vestrum
2421 727 2887 811 prosperrimos
2911 726 3132 791 videre

856 839 1204 895 successuS,
1240 817 1411 901 quod
1444 818 1497 881 si
1530 818 1657 900 fiet,
1688 839 1819 882 non
1852 819 2148 901 exiguam
2183 817 2438 882 laudem
2474 816 2895 881 merebimini.

1070 906 1179 973 Ad
1202 914 1561 973 extremum
1584 906 1756 991 quod
1788 908 2050 972 titulum
2081 907 2453 989 Majestatis
2488 906 2660 973 Suae
2681 907 2936 983 attinet,
2957 907 3126 970 scias

854 1018 957 1061 me
1040 1020 1187 1063 nam
1272 998 1595 1063 nonnullis
1676 997 2103 1083 Magnatibus
2185 997 2629 1075 SenatoribuS‚
2681 996 3130 1061 sincerissimis

854 1089 1077 1152 amicis
1108 1090 1267 1153 meis
1300 1110 1494 1172 super
1525 1090 1649 1153 hac
1681 1110 1752 1152 re
1783 1089 1848 1152 in
1901 1110 2138 1153 arcano
2171 1087 2536 1165 contulisse,
2589 1080 2700 1169 qui
2743 1108 2844 1150 me
2876 1107 3130 1151 assecu-

855 1186 1104 1260 rarunt,
1137 1182 1244 1244 vix
1276 1178 1481 1243 ullum
1514 1178 1786 1261 reperiri
1819 1199 2006 1263 posse
2037 1179 2425 1261 Principem,
2460 1178 2572 1261 qui
2613 1177 2784 1243 Suae
2815 1176 3130 1261 Majesta-

856 1270 939 1333 tis
972 1290 1315 1347 successus,
1338 1269 1609 1333 honores
1630 1275 1695 1333 et
1714 1268 2069 1352 dignitates
2101 1270 2642 1335 eminentissimas
2673 1267 2898 1351 magiS,
2929 1275 3130 1349 atque

854 1364 953 1422 est
1007 1359 1206 1424 Serva
1270 1359 1665 1443 Respublica
1715 1358 1964 1440 faveat3
2016 1358 2428 1425 nihilominus
2478 1365 2695 1423 tamen
2747 1358 2870 1422 hoc
2919 1358 3126 1421 eidem

854 1470 993 1527 usn,
1043 1446 1312 1533 legibus,
1366 1450 1631 1514 statutis
1671 1448 1965 1514 innatum
2001 1470 2157 1531 esse,
2211 1456 2284 1514 ut
2333 1448 2415 1514 ab
2465 1450 2737 1533 antiqua
2787 1453 3125 1513 consuetu·

856 1538 1003 1603 dine
1054 1538 1435 1604 intitulandi
1486 1540 1824 1622 Principes
1875 1546 2070 1623 atque
2133 1540 2550 1623 Principatus
2611 1559 2740 1603 non
2793 1538 2886 1603 ita
2935 1537 3126 1603 facile

857 1628 1136 1707 recedat,
1198 1637 1361 1711 rata,
1426 1638 1560 1694 tam
1621 1628 1734 1693 diu
1797 1630 2046 1695 felicem
2108 1629 2242 1695 fore
2305 1636 2548 1695 statum
2589 1650 2778 1694 suum
2817 1628 3126 1711 quamdiu

858 1726 1109 1784 statuta
1140 1725 1205 1783 et
1235 1720 1411 1803 leges
1461 1721 1770 1801 antiquae
1819 1720 2159 1803 viguerint,
2208 1719 2564 1785 floruerint.
2617 1718 2766 1801 Quo
2797 1718 3127 1784 intellecto

856 1830 975 1892 pro
1006 1810 1263 1875 interim
1302 1809 1555 1894 publice
1605 1810 1727 1875 hoc
1756 1831 2012 1875 movere
2043 1810 2364 1891 abstinui3
2413 1810 2636 1875 oblata
2676 1816 2894 1873 tamen
2945 1830 3128 1873 occa-

858 1901 1033 1963 sione
1066 1899 1416 1980 commoda,
1436 1921 1572 1965 rem
1593 1920 1851 1965 movere
1885 1907 1951 1966 et
1981 1922 2352 1985 promovere
2385 1901 2454 1964 in
2486 1900 2732 1985 optima
2764 1898 2972 1963 forma
2997 1920 3122 1963 non

858 1989 1196 2073 negligam.

1072 2079 1317 2146 Arcam
1373 2080 1581 2146 Tuam
1614 2102 1760 2145 cum
1799 2081 2198 2145 vestimentis
2235 2102 2379 2164 quc,
2416 2080 2674 2162 quando
2707 2086 2773 2143 et
2807 2078 3126 2161 quomodo

860 2172 1301 2236 transmittere
1334 2170 1620 2250 debeam,
1650 2169 1755 2235 fac
1786 2172 2002 2251 sciam,
2035 2171 2194 2235 bene
2226 2171 2626 2236 curabuntur
2655 2169 2927 2249 singula.

1233 2548 1614 2634 Strassburq
1645 2549 1958 2635 kapitdny
1994 2547 2174 2611 levale
2221 2548 2436 2612 ihm-n
2463 2548 2740 2634 92·0‘j⁶h02.

1086 2711 1799 2795 Hochwolgebohrener
1847 2709 2043 2777 Graff
2087 2710 2455 2794 Genediger
2503 2711 2682 2776 Hert
2727 2712 2888 2776 undt
2917 2709 3132 2776 Gene-

874 2802 991 2866 ral.
1042 2801 1783 2885 Nechstvorentbietung
1823 2802 2068 2866 meiner
2096 2802 2616 2885 Unterthanigen
2652 2803 2814 2867 undt
2858 2801 3136 2867 schuldi-

872 2915 998 2976 gen
1050 2891 1393 2958 Dienstes:
1443 2893 1779 2957 &Vunsche
1827 2913 1948 2958 von
1999 2890 2164 2958 Gott.
2225 2892 2370 2956 dem
2429 2891 2886 2976 allmfichtigen
2934 2893 3133 2958 Eirer

870 2982 1221 3048 Excellenz
1268 2985 1373 3048 ein
1422 2983 1796 3066 bestendige
1849 2983 2304 3060 Gesundtheit,
2353 2982 2575 3066 langes
2641 2982 2864 3050 Leben
2913 2983 3132 3046 sambt

871 3072 1035 3137 aller
1089 3095 1287 3138 auern
1340 3074 1501 3138 undt
1549 3073 1966 3157 gedeylichen
2029 3072 2367 3138 Wohlfart
2426 3073 2798 3138 tranlichist
2853 3073 3132 3137 Humor.

874 3163 1058 3228 Undt
1114 3164 1234 3228 soll
1302 3163 1669 3228 ‹lersselben
1733 3165 2140 3247 gehorsamst
2202 3163 2378 3227 nicht
2438 3163 2790 3241 verhalten,
2857 3163 3132 3227 welcher

872 3253 1108 3334 gestalt
1156 3253 1361 3318 dieses
1414 3261 1643 3337 gantze
1684 3254 1839 3338 jahr
1888 3274 2008 3318 von
2049 3253 2188 3317 dier
2221 3253 2324 3317 ich
2355 3253 2526 3319 mich
2576 3254 2818 3319 nacher
2865 3253 3130 3318 Sieben-

874 3343 1118 3424 biirgen
1170 3343 1473 3426 begeben,
1522 3344 1701 3408 nicht
1752 3345 1986 3409 sonder
2046 3343 2631 3428 schwermfiligkeit
2677 3344 2780 3408 ich
2830 3344 3127 3408 erfahren

874 3443 1149 3509 mussen,
1200 3433 1349 3499 dass
1406 3433 1642 3499 sowohl
1690 3455 1814 3498 von
1863 3433 2130 3516 Konigl.
2185 3435 2500 3516 Majesffit
2548 3457 2624 3499 zu
2691 3433 2963 3517 Ungern
3032 3433 3132 3498 als

872 3524 1063 3587 Ewer
1094 3523 1438 3588 Excellenz
1470 3524 1573 3588 die
1625 3525 2024 3589 erwiinschte
2059 3524 2540 3590 hochnutzbare
2571 3523 3133 3607 Correspondentz

871 3613 1068 3677 vieler
1098 3613 1436 3678 Ursachen
1486 3614 1717 3679 halber
1755 3614 2160 3697 gehinderdt,
2191 3613 2354 3678 undt
2385 3617 2526 3679 eine
2559 3615 2860 3697 Zeitlang
2896 3614 3130 3680 verbli-

868 3703 1011 3784 ben,
1032 3724 1285 3769 massen
1318 3703 1687 3786 gleichfalss
1718 3726 1840 3768 von
1872 3704 2138 3787 Konigl.
2158 3703 2476 3786 Majesti‘tt
2492 3727 2569 3769 zu
2587 3705 2898 3770 Bohaims
2931 3706 3128 3769 heri-n

868 3791 1261 3874 Camerario.
1295 3793 1457 3858 undt
1498 3795 1835 3859 Monsieur
1866 3793 1946 3858 de
1989 3795 2288 3861 Rustorff
2331 3796 2707 3878 geschehen,
2741 3795 2934 3860 theils
2985 3794 3132 3858 weil

864 3883 969 3947 die
1002 3883 1332 3947 schreiben
1387 3885 1768 3968 intercipirt,
1802 3885 2001 3949 thails
2034 3885 2189 3950 aber
2219 3893 2478 3950 sonsten
2509 3886 2830 3969 verliegen
2869 3895 3124 3950 iniissen

866 3974 1028 4037 undt
1079 3973 1418 4039 verlohren
1474 3975 1748 4039 worden.
1816 3975 2014 4040 Dann
2063 3995 2184 4039 von
2233 3975 2812 4058 hochstgedachter
2859 3975 3128 4058 Konigl.

866 4065 961 4128 M‘
1000 4064 1310 4130 Behaims
1342 4064 1493 4128 dasz
1528 4072 1759 4147 gantze
1785 4065 1939 4148 jahr
1989 4063 2148 4130 iiber
2177 4065 2360 4130 mehr
2393 4066 2572 4130 nicht
2603 4065 2733 4130 dan
2781 4065 3128 4149 zweymahl

866 4153 1088 4218 Briefe
1140 4151 1496 4233 ankamen3
1559 4154 1707 4221 Von
1770 4156 2033 4220 Ewerer
2091 4155 2438 4220 Excellenz
2486 4157 2552 4220 in
2603 4155 2893 4240 gleichen
2954 4156 3128 4238 zwei'·

865 4243 1078 4308 Paket
1130 4243 1248 4308 sub
1298 4244 1918 4310 unterschiedlichen
1952 4245 2122 4321 dato,
2154 4243 2301 4312 Von
2334 4247 2556 4311 Herrn
2589 4245 2964 4312 Camerario
2998 4247 3128 4310 ein-

866 4334 1042 4396 mahl
1074 4355 1157 4396 an
1208 4335 1395 4416 mich,
1430 4335 1557 4399 und
1606 4336 1834 4400 Herrn
1883 4335 2182 4400 Rustorff
2225 4334 2581 4420 dreymahl.
2627 4337 2868 4401 Unitzo
2916 4335 3128 4401 haben

867 4423 1132 4505 Kimigl.
1186 4424 1283 4488 Mt
1332 4445 1407 4488 zu
1462 4425 1727 4507 Ungern
1781 4447 1928 4490 auss
1981 4425 2334 4508 tragenden
2386 4426 2541 4490 eiser
2599 4449 2740 4490 zum
2793 4427 3127 4506 gemeinen

865 4533 1068 4576 wesen
1114 4514 1247 4576 vicl·
1286 4513 1717 4596 abgeordnete.
1767 4517 2094 4580 Personon
2149 4518 2310 4580 uach
2363 4516 2824 4598 tciitschlmult,
2877 4517 3126 4582 schwe-
