3459 5300
1505 1489 1562 1554 Ι.

1179 1638 1368 1700 1620.
1411 1634 1745 1717 januar
1793 1639 1895 1700 20.

1151 1777 1210 1843 A
1259 1778 1563 1842 velenczei
1605 1779 1907 1863 dominare.

609 1937 1031 2006 Serenissime
1083 1941 1414 2026 PrincepS,
1465 1941 1743 2006 Domine
1792 1939 2023 2006 Amice
2086 1941 2269 2006 nobis
2332 1941 2667 2007 observan-

384 2030 670 2095 dissime.

609 2119 760 2186 Non
807 2120 1178 2186 dubitamus
1227 2121 1306 2184 de
1357 2121 1680 2188 modernis
1746 2123 1965 2190 Incliti
2019 2123 2231 2204 Regni
2282 2121 2667 2204 Hungariae

385 2211 676 2276 motibus
740 2232 1086 2294 eorumque
1158 2232 1500 2295 progressu
1565 2212 1709 2279 Vfffl’
1743 2212 2095 2278 Serenitati
2154 2213 2465 2276 hactenus
2530 2234 2669 2294 per-

381 2301 636 2384 optime
669 2301 1048 2378 constitisse,
1101 2302 1178 2366 de
1229 2304 1442 2368 causis
1493 2323 1642 2366 vero
1694 2311 1759 2366 et
1808 2304 1974 2366 veris
2026 2323 2241 2367 eorum
2292 2303 2666 2378 rationibus,

385 2413 520 2456 non
556 2398 812 2456 tantum
865 2393 1041 2456 varie
1076 2391 1574 2474 differenterque
1608 2393 1877 2457 eandem
1929 2392 2279 2470 informari,
2312 2392 2425 2456 sed
2466 2415 2667 2474 quan-

387 2489 536 2546 tum
556 2483 640 2546 ad
671 2483 1091 2547 intentionem
1123 2489 1190 2547 et
1217 2503 1560 2565 personam
1591 2489 1896 2548 nostram.
1916 2491 1991 2547 ut
2008 2485 2259 2566 ineptas
2280 2483 2372 2547 ita
2404 2483 2666 2546 minima¹

383 2573 653 2636 veritati
687 2593 996 2637 consonas
1031 2571 1511 2657 criminationes
1543 2573 1626 2636 ab
1659 2574 1927 2637 aemulis
1961 2573 2397 2652 circumferri3
2444 2594 2519 2636 ea
2553 2594 2667 2636 nos

387 2672 462 2728 ut
497 2684 809 2729 vanorum
842 2670 1204 2729 commenta
1245 2664 1679 2745 figmentaque
1717 2664 2047 2729 hominum
2080 2686 2195 2747 per
2228 2670 2661 2747 contemptum

387 2756 752 2836 praeterire
802 2754 1037 2838 potiuS,
1090 2776 1282 2835 quam
1335 2754 1660 2837 injuriosis
1711 2754 2092 2837 ambagibus
2157 2761 2445 2818 retexere
2496 2754 2668 2817 volu-

385 2864 553 2907 mus.
587 2843 832 2909 Veram
865 2850 1084 2909 autem
1116 2844 1310 2928 hujus
1341 2845 1720 2909 intentionis
1755 2866 2015 2910 causam
2046 2844 2164 2911 Vm
2214 2842 2543 2909 Serenitas
2576 2846 2668 2908 sie

387 2932 648 2997 habeat.
713 2932 879 2999 Cum
929 2954 1271 3017 personam
1324 2932 1588 3001 Sacrmw
1623 2933 1807 2999 Caes.
1871 2936 2243 3018 Regiaeque
2294 2932 2666 3015 Majestatis

387 3022 810 3102 Ferdinandi,
842 3024 924 3089 ob
957 3025 1294 3107 antiquam
1325 3032 1583 3089 nostrae
1616 3024 1947 3107 religionis
1980 3024 2372 3089 orthodoxae
2405 3014 2696 3089 severis-‘

387 3113 624 3178 simam
655 3116 1182 3197 persecutionem,
1215 3116 1425 3179 latens
1459 3115 1737 3197 quidem,
1759 3116 1869 3179 sed
1903 3114 2133 3178 altiore
2165 3120 2422 3199 reposta
2454 3121 2667 3179 mente

387 3210 720 3289 premeret
750 3204 1128 3288 indignatiO,
1162 3205 1320 3269 adeo
1353 3212 1427 3270 ut
1467 3206 1756 3288 regimen
1808 3227 1882 3269 ac
1933 3204 2289 3287 Imperium
2340 3226 2492 3269 suae
2524 3204 2667 3268 Ma-

381 3294 644 3377 jestatis
677 3316 806 3359 non
839 3302 1208 3379 suspectum
1242 3296 1448 3377 mode,
1499 3296 1611 3359 sed
1661 3295 1939 3360 invisum
1991 3294 2263 3359 subditis
2305 3294 2664 3376 quibusque

387 3383 760 3463 haberetur,
791 3386 1068 3468 primam
1102 3391 1432 3451 contectus
1465 3386 1586 3450 iste
1637 3392 1704 3450 et
1756 3385 1963 3450 latens
2014 3387 2077 3450 in
2119 3384 2351 3449 animis
2383 3384 2665 3452 subdito-

387 3496 534 3538 rum
570 3476 738 3557 ignis
771 3476 836 3539 in
883 3476 1200 3541 Bohemia
1251 3476 1614 3559 scyntillam
1667 3476 1862 3557 dedit,
1914 3497 2109 3558 quam
2162 3496 2304 3539 cum
2356 3475 2559 3555 initu),
2611 3474 2666 3537 si

387 3565 490 3628 ita
517 3564 916 3646 maluissent,
949 3565 1264 3631 facilitate
1297 3572 1492 3648 atque
1527 3566 1884 3645 clementia,
1934 3572 2283 3646 autequam
2335 3567 2398 3628 in
2446 3570 2663 3628 tantas

390 3662 792 3720 excresceret
839 3655 1153 3739 flammas,
1185 3655 1406 3721 labore
1456 3658 1688 3739 exiguo
1738 3656 2111 3739 extinguere
2162 3655 2542 3739 prudentiae
2591 3676 2666 3717 ac

387 3746 654 3829 pietatis
688 3746 916 3813 fuisset
946 3746 1243 3811 officium.
1279 3744 1406 3811 Sed
1440 3768 1585 3811 cum
1633 3768 1710 3811 ex
1743 3746 2035 3811 omnibus
2085 3747 2279 3809 etiam
2314 3744 2667 3809 remotiori-

387 3836 512 3899 bus
577 3834 750 3901 orbis
809 3836 1124 3921 partibuS,
1187 3842 1372 3901 tanta
1422 3837 1709 3919 gentium
1760 3836 2262 3920 conglobatione,
2324 3834 2665 3901 BehemOS.

391 3924 830 4009 Moravosque
863 3927 1214 4005 obruerint,
1247 3933 1322 3991 ut
1353 3927 1550 3991 vitam
1583 3948 1728 3992 cum
1778 3927 2071 4008 fortunis,
2121 3925 2485 3989 libertatem
2521 3946 2663 3990 cum

386 4015 702 4099 religione
740 4018 807 4081 in
841 4018 1123 4083 hostium
1160 4023 1546 4101 potestatem
1597 4016 1943 4082 concedere
1996 4022 2393 4100 cogerentur,
2442 4015 2664 4079 multis

385 4105 831 4189 inquietorum
863 4106 1111 4185 studiis,
1151 4106 1377 4171 iisdem
1427 4106 1672 4171 viribus
1723 4108 2131 4189 Hungariani
2185 4112 2249 4169 et
2282 4106 2664 4189 Transylva-

384 4198 585 4273 niam,
617 4195 800 4262 nobis
833 4196 973 4280 ejus
1005 4197 1420 4283 Principibus
1473 4219 1506 4261 c
1537 4197 1750 4261 medio
1783 4196 2072 4275 sublatis,
2107 4196 2407 4260 similiter
2438 4216 2665 4279 prope-

383 4287 562 4352 diem
625 4288 1130 4371 opprimendam,
1195 4288 1412 4372 palam
1463 4295 1528 4352 et
1590 4288 1833 4371 absque
1886 4287 2019 4351 ulla
2071 4286 2407 4350 formidine
2464 4288 2665 4350 mina-

381 4377 649 4443 bantur.

609 4468 886 4533 Bohemi
919 4474 1154 4551 autem,
1203 4467 1478 4547 Met-avi,
1530 4464 1883 4547 Austriaci,
1934 4467 2174 4548 aliique
2226 4466 2657 4531 confoederati

381 4568 450 4625 et
481 4559 842 4624 contestari
891 4580 1008 4623 nos
1057 4580 1276 4623 omnes
1327 4559 1404 4623 de
1453 4558 1867 4639 subsequenti
1918 4556 2221 4640 periculo.
2256 4563 2318 4621 et
2351 4557 2660 4620 obtestari

2389 4687 2446 4731 1⁴5²
