3459 5300
855 301 930 354 12
1678 318 1923 353 nuruum
1958 317 2011 351 a.
2044 317 2294 352 annmsx.

849 471 1348 558 ejusiudubiam
1391 473 1582 538 fidem
1615 471 2063 550 adhibendam,
2096 493 2169 535 ac
2208 471 2481 535 eundem
2532 471 2595 534 in
2650 470 3113 554 profectionem

850 587 1033 629 suam
1067 563 1522 648 recipiendum,
1555 569 1620 627 et
1651 585 1777 646 quo
1824 562 2141 627 maturius
2175 561 2693 643 commodiusque
2748 561 3115 644 impositam

851 655 970 718 sibi
1035 654 1546 719 commissionem
1595 653 1678 717 ad
1742 653 2035 718 effectum
2088 652 2402 716 deducere
2464 653 2695 728 valeat,
2743 673 3118 734 promoven-

849 745 1002 809 dum
1037 745 1204 822 velit,
1237 744 1528 808 Eandem
1567 765 1888 827 rogamus.
1930 742 2053 806 Cui
2084 749 2251 825 post
2282 741 2499 806 oblata
2551 741 2757 806 omnis
2811 763 3115 825 syncerae

853 835 1203 900 voluntatis
1250 840 1510 899 nostrae
1565 833 1870 918 symbola,
1920 834 2118 897 vitam
2151 833 2403 897 felicem
2436 839 2832 914 exopt-amus.
2868 832 3119 896 Datum

852 923 1066 990 Albae
1097 925 1146 988 J
1150 923 1320 989 uliae
1355 925 1456 989 die
1491 929 1548 988 2.
1586 923 2071 1006 Augusti-anno
2112 926 2299 986 1625.
2336 919 2500 986 Cels,
2536 922 2733 987 Vrae.

2054 1012 2326 1078 Amicus
2369 1011 2689 1094 Syncerus

2548 1099 2820 1166 Gabriel
2852 1124 2932 1165 m.
2968 1124 3026 1185 p.

1068 1221 1112 1271 A
1150 1229 1288 1290 tet-{so
1311 1259 1323 1274 .
1359 1205 1530 1275 Scr¹¹¹⁰
1563 1219 1859 1272 Francisco
1907 1217 2219 1274 contareno
2260 1217 2367 1272 Dci
2417 1217 2601 1289 gratia
2650 1217 3011 1272 Venetiurum
3070 1223 3125 1271 ct

849 1311 1022 1381 Cypri
1053 1310 1199 1366 Duci
1232 1314 1333 1363 etc.
1372 1309 1547 1364 Nobis
1583 1308 2073 1364 honorandissimo.

1065 1399 1362 1470 Fejcdelmi
1416 1397 1630 1470 pecsct:
1665 1381 1895 1454 Gabriel
1928 1399 1997 1452 D.
2052 1395 2121 1452 G.
2174 1397 2295 1454 Sao.
2354 1401 2457 1454 Ro.
2490 1399 2591 1454 Im.
2644 1397 2731 1452 Et.
2786 1399 2955 1454 Trau.
3008 1396 3121 1451 Pri.

849 1490 977 1546 Par.
1009 1489 1148 1561 Reg.
1181 1489 1329 1544 Hun.
1364 1489 1652 1544 Dominus.
1685 1487 1795 1544 Sic.
1828 1487 1923 1545 Co,
1956 1487 2043 1543 Ac
2076 1487 2214 1558 Opo.
2245 1490 2433 1545 Ratib.
2466 1490 2612 1545 Dux.

1913 1804 2045 1870 XI.

1701 1935 1894 1996 1625.
1942 1945 2121 2014 aoeg.
2174 1935 2277 1996 24.

1730 2055 1950 2120 Thurii
1981 2053 2277 2141 qrosfnak.

1071 2198 1340 2265 Gabriel
1373 2200 1499 2264 Dei
1533 2200 1748 2280 gratia
1782 2198 1965 2265 Sacri
1996 2199 2266 2282 Imperii
2304 2199 2583 2264 Romani
2636 2203 2700 2262 et
2754 2197 3123 2264 Transilva-

853 2291 998 2356 niae
1033 2290 1362 2372 Princeps,
1401 2288 1685 2374 partium
1717 2291 1933 2373 Regni
1964 2288 2351 2373 Hungariae
2382 2289 2722 2367 DomiuuS‚
2756 2287 3121 2354 Siculorum

853 2380 1102 2458 ComeS,
1137 2378 1586 2463 Oppuliaeque
1635 2385 1702 2442 et
1733 2379 2113 2445 Ratiboriae
2144 2379 2300 2444 Dux
2341 2385 2457 2444 etc.

1067 2469 1519 2534 Illustrissime
1555 2469 1802 2552 Comes,
1837 2468 2066 2536 Amice
2118 2469 2299 2534 nobis
2350 2469 2737 2534 honorande.
2778 2471 3125 2534 Intermin-

851 2561 989 2625 cius
1009 2559 1243 2624 Illmae
1276 2558 1484 2623 ’,ΟῒῑθωΒ
1516 2560 1662 2628 Vm*
1690 2559 2150 2625 Nobilissimus
2173 2561 2419 2624 Paulus
2441 2557 2841 2642 strasburgh
2864 2557 3125 2642 Capit-a-

853 2672 1012 2717 ncus
1045 2657 1149 2715 sat
1197 2650 1388 2734 longo
1415 2650 1551 2734 jam
1585 2656 1874 2735 tempore
1907 2652 2308 2716 desideratus
2342 2657 2407 2715 et
2439 2656 2829 2734 expectatus,
2864 2650 2965 2715 die
2986 2656 3124 2714 tan-

851 2742 995 2807 dem
1021 2746 1120 2805 30.
1135 2742 1422 2823 proxime
1434 2740 1773 2825 praeterit-i
1795 2742 2030 2806 mensis
2052 2742 2217 2807 Julii
2240 2741 2324 2805 ad
2343 2762 2458 2805 nos
2480 2743 2784 2823 pervenit.
2806 2738 2873 2804 A
2895 2741 3122 2823 quoad

854 2831 1243 2915 colloquium
1289 2831 1510 2895 eodem
1551 2831 1652 2895 die
1693 2832 1989 2909 admisso,
2022 2831 2245 2896 literas
2279 2830 2415 2914 ejus
2450 2830 2849 2913 gratissimas
2884 2832 3126 2914 accepi-

856 2945 1034 3001 mns3
1068 2944 1144 2987 cx
1179 2920 1426 3003 quibus,
1461 2924 1526 2985 et
1557 2942 1633 2985 ex
1665 2921 1839 2985 fideli
1872 2921 2060 2987 etiam
2114 2922 2315 3005 ipsius
2348 2921 2747 2985 Internuncii
2812 2920 3124 2985 relatione

855 3034 1106 3077 omnem
1139 3033 1356 3076 rerum
1395 3012 1624 3076 seriem
1657 3012 1946 3095 plenarie
1987 3020 2456 3095 cogiioscenteS‚
2488 3010 2761 3094 pristino
2794 3032 2951 3093 erga
2982 3032 3123 3075 eam

854 3102 1058 3168 favori
1096 3106 1317 3166 nostro
1356 3101 1438 3165 ad
1471 3122 1777 3184 praesens
1828 3102 2021 3166 etiam
2055 3102 2276 3165 deesse
2326 3099 2663 3177 noluimus.
2697 3100 2808 3165 sed
2860 3122 3025 3183 quae
3058 3102 3123 3163 iu

854 3192 1059 3276 ipsius
1093 3192 1443 3257 communis
1477 3192 1569 3255 rei
1603 3192 2071 3274 promovendae
2106 3191 2391 3255 studium
2444 3197 2663 3257 nostra
2715 3189 2937 3255 debuit
2986 3212 3124 3255 esse

857 3282 1280 3365 propensitas‚
1316 3280 1518 3346 eidem
1553 3282 1955 3365 cathegorico
1990 3282 2391 3346 referendam
2430 3281 2878 3347 commisimus.
2922 3279 3125 3365 Cujus

855 3372 1154 3437 relationi
1219 3371 1646 3435 omnimodam
1709 3371 1902 3435 fidem
1954 3372 2110 3454 quin
2160 3371 2323 3435 Ill¹¹¹²
2372 3370 2501 3434 Ι)ΐίο
2576 3368 2693 3437 V¹'a
2743 3372 2829 3436 sit,
2876 3370 3125 3435 adhibi-

856 3470 1020 3539 tura,
1061 3461 1211 3526 licet
1267 3460 1532 3525 dubium
1584 3462 1650 3524 in
1683 3482 1757 3526 eo
1806 3461 2156 3526 habeamus
2208 3460 2735 3543 nullum3'super
2783 3482 2858 3525 eo
2908 3467 3121 3525 tamon

854 3552 1028 3617 hisce
1064 3552 1302 3616 nostris
1353 3550 1621 3615 eandem
1674 3550 1948 3635 benigne
2000 3551 2453 3633 requirendam
2502 3550 2836 3629 voluimus,
2868 3572 2947 3615 ex
2996 3573 3124 3633 quo

857 3647 1071 3707 mento
1103 3646 1328 3706 nostra
1360 3640 1557 3725 probe
1593 3641 1867 3725 cognita,
1888 3640 2159 3705 restabit
2191 3640 2415 3719 solum,
2437 3648 2513 3706 ut
2540 3640 2593 3706 si
2628 3642 2784 3723 quid
2816 3641 2909 3705 roi
2945 3662 3125 3723 agre-

855 3730 1156 3796 diendum
1228 3737 1292 3795 et
1357 3730 1595 3796 Divino
1678 3732 1894 3796 favore
1973 3730 2438 3797 conficiendum
2500 3731 2682 3796 nobis
2745 3730 3125 3807 incubuerit,

855 3844 1036 3887 mora
1076 3820 1247 3886 omni
1287 3820 1570 3903 seposita
1620 3822 1685 3885 in
1736 3820 1926 3886 finem
1976 3827 2228 3885 mature
2280 3820 2507 3886 deduci
2557 3822 2951 3886 intendatur.
2984 3820 3123 3887 Nos

855 3911 1161 3996 quicquid
1193 3911 1604 3995 potuerimus,
1639 3932 1891 3977 omnem
1924 3911 2219 3975 dabimus
2272 3932 2550 3995 operam.
2586 3932 2663 3975 ne
2697 3911 2852 3995 quid
2886 3912 2951 3975 in
2990 3933 3125 3976 rem

856 4024 1254 4068 communem
1292 4002 1791 4085 promovendam
1842 4024 1881 4066 a
1930 4001 2112 4065 nobis
2164 4022 2450 4083 unquam
2500 4001 2850 4067 desiderari
2906 4002 3124 4085 possit.

855 4092 1152 4157 Eandem
1203 4090 1281 4155 dc
1333 4096 1584 4155 coetero
1635 4113 1940 4175 prospere
1991 4091 2203 4155 valere
2262 4090 2715 4157 desideranbes.
2756 4092 3006 4156 Datum
3058 4092 3123 4155 in

857 4182 1138 4248 Civitato
1172 4187 1396 4245 nostra
1416 4180 1594 4245 Alba
1625 4182 1676 4245 J
1676 4182 1812 4246 ulia
1845 4182 1949 4245 die
1982 4184 2083 4245 24.
2116 4178 2405 4263 Augusti
2436 4202 2605 4245 anno
2636 4180 2902 4246 Domini
2934 4185 3123 4246 1625.

1071 4272 1262 4336 Inulae
1305 4269 1510 4335 Dtionis
1553 4270 1716 4339 Vrae·

2022 4358 2297 4426 Amicus
2328 4360 2691 4425 Benevolus

2525 4449 2828 4545 ‚Gabriel
2858 4474 2939 4515 m.
2975 4474 3034 4535 p.
