3459 5300
757 396 785 451 l
798 400 830 451 9
841 390 877 449 4
1100 393 1133 449 1
1148 398 1181 449 6
1192 394 1225 449 2
1237 396 1290 449 6.
1312 393 1928 449 ἰἈκᾸοειιΑτι-Ᾰιωωτοκ.
1959 396 2158 447 novum-1
2190 391 2715 445 summissu-essue.

747 570 914 637 bono
946 568 1206 651 publico
1235 567 1478 633 bellum
1510 568 1822 632 acerrime
1855 571 2101 649 gerant,
2139 571 2207 629 et
2237 586 2354 648 per
2385 570 2706 629 extremos
2740 568 3014 627 conatus

748 680 1067 725 summam
1098 679 1318 723 rerum
1348 662 1617 738 tentent,
1639 662 1818 721 certa
1851 677 1963 740 spe
1995 677 2072 720 ac
2103 654 2344 721 fiducia
2373 654 2541 731 freti,
2573 653 2792 718 Deum
2823 652 3016 736 justi-

748 752 879 817 tiae
912 756 978 814 et
1008 749 1363 832 aequitatis
1413 747 1729 813 vindicem
1762 746 2028 812 excelsis
2068 744 2431 811 actionibus
2463 750 2531 809 et
2561 742 2846 810 consiliis
2876 744 3014 807 suis

749 839 833 905 ad
862 844 1017 904 vota
1045 860 1411 903 successum
1444 837 1790 904 clementer
1822 836 2271 916 indulsurum;
2313 836 2556 918 quippe
2586 833 2842 899 nullum
2873 854 3014 898 esse

751 930 1022 995 dubium
1055 931 1213 1012 quin
1248 928 1547 994 Silesiam
1578 928 1772 993 vicini
1803 926 2045 992 Martis
2067 933 2314 991 terrore
2347 925 2608 991 anxiam
2639 923 3014 1006 homagium

751 1026 1089 1103 praestare
1123 1026 1480 1103 opporteat.
1527 1017 1848 1083 Bohemia
1879 1038 2046 1095 vere,
2076 1014 2356 1081 Austria
2387 1022 2453 1080 et
2483 1014 2768 1079 Bavaria
2799 1012 3016 1091 armis,

749 1109 1126 1193 viribusque
1158 1110 1495 1187 exhausta,
1540 1110 1738 1173 etiam
1769 1107 1967 1172 validi
2000 1108 2318 1172 exercitus
2350 1112 2526 1170 metu
2559 1104 3016 1187 percellantur,

748 1205 815 1265 et
846 1202 1167 1283 imperata
1196 1200 1489 1265 facturae
1540 1200 1723 1263 erint.
1779 1196 2029 1281 Quinto
2061 1198 2134 1262 ut
2165 1203 2392 1262 contra
2423 1194 2743 1261 Polonum
2789 1194 3016 1279 inclyti

750 1291 949 1374 Regis
983 1288 1239 1356 Svetiae
1260 1289 1726 1355 hereditarium
1747 1288 1996 1353 hostem
2015 1294 2082 1353 et
2098 1287 2381 1352 vicinum
2402 1282 2584 1351 Sei-¹¹⁹
2624 1284 2798 1359 Suae
2816 1284 3013 1361 male-

747 1380 944 1445 ficum
974 1385 1127 1445 ante
1160 1381 1375 1445 omnia
1408 1385 1597 1445 caute
1646 1387 1711 1444 et
1758 1377 2244 1459 vigilantissime
2292 1384 2546 1460 agatur,
2589 1376 2829 1459 quippe
2862 1398 3012 1440 cum

749 1471 818 1534 in
861 1468 1155 1535 Comitiis
1207 1471 1493 1553 proxime
1545 1468 1914 1553 praeteritis
1965 1490 2080 1550 per
2130 1468 2384 1533 ordines
2419 1474 2484 1532 et
2515 1465 3014 1549 Rempublicam

749 1561 965 1645 Regni
1016 1561 1437 1626 constitutum
1487 1560 1588 1637 sit,
1640 1565 1713 1623 ut
1763 1559 2007 1641 agrarii
2057 1579 2305 1636 census,
2355 1578 2516 1641 quos
2565 1556 2788 1639 lingua
2805 1607 3000 1621 .....

749 1650 971 1716 Bauer
1002 1656 1233 1716 vocant
1265 1650 1610 1734 quatrupl.
1643 1700 1656 1713 .
1687 1701 1699 1714 .
1734 1699 1747 1713 .
1794 1647 2266 1713 contributione
2296 1648 2498 1731 Regis
2538 1646 2826 1712 subsidia
2857 1644 3011 1710 belli

750 1739 1216 1823 dependantur,
1249 1748 1315 1805 et
1344 1742 1571 1823 ingens
1604 1738 1899 1823 equitum
1931 1760 2241 1804 numerus
2274 1739 2411 1803 sine
2442 1758 2625 1803 mora
2656 1736 3014 1803 conscriba-

752 1836 898 1910 tur3
948 1829 1200 1895 nullum
1232 1852 1370 1895 esse
1403 1830 1670 1895 dubium
1706 1830 1864 1911 quin
1896 1828 2182 1895 Polonus
2214 1835 2441 1895 contra
2471 1828 2724 1911 Regem
2756 1826 3014 1893 Svetiae

751 1921 817 1985 in
849 1920 1207 1986 Lithuania
1257 1927 1322 1986 et
1369 1920 1659 1997 Livonia‚
1712 1926 1939 1985 contra
1989 1918 2201 1985 Sei-‘³¹¹²
2255 1917 2457 1985 Suam
2505 1919 2571 1983 in
2621 1917 2918 2001 Ungaria
2951 1922 3018 1981 et

753 2008 1224 2092 Transilvania,
1287 2017 1512 2077 contra
1572 2009 1941 2075 Electorem
1988 2010 2056 2074 in
2101 2010 2386 2075 Berusia
2439 2015 2503 2073 et
2551 2008 3012 2074 Marchionatu

748 2100 1329 2185 Brandenburgico
1349 2100 1669 2166 hostiliter
1710 2106 1980 2165 acturus
2012 2101 2116 2178 sit,
2147 2100 2318 2165 unde
2338 2106 2595 2164 maturo
2623 2098 2888 2163 consilio
2908 2098 3014 2161 de-

749 2190 1097 2256 liberatum
1123 2196 1237 2268 est,
1268 2198 1344 2256 ut
1375 2213 1523 2256 cum
1547 2190 1871 2255 industria
1901 2190 2228 2255 distractis
2248 2190 2494 2255 viribus
2527 2189 2684 2272 ejuS,
2715 2193 2850 2254 tam
2871 2208 3014 2271 per-

761 2281 988 2346 niciosi
1035 2290 1304 2347 conatus
1353 2281 1792 2363 impediantur
1821 2280 1944 2345 hoc
1974 2281 2380 2363 potissimum
2427 2279 2618 2345 modo
2649 2284 2716 2343 et
2744 2279 3013 2344 ratione.

753 2371 993 2449 Prim0‚
1044 2378 1119 2435 ut
1168 2373 1234 2436 in
1284 2371 1645 2437 Lithuania
1696 2370 1919 2437 Sermu‘
1956 2372 2101 2437 Rex
2151 2370 2420 2437 Suetiae
2439 2418 2722 2434 .......
2769 2368 3014 2453 uligine

754 2466 819 2525 et
850 2461 1253 2543 palustribus
1284 2462 1439 2527 loeis
1476 2458 1762 2544 undique
1795 2462 2059 2540 cinctae,
2109 2482 2186 2527 ac
2217 2482 2291 2525 eo
2323 2461 2507 2526 aditu
2539 2481 2669 2543 quo
2700 2466 3015 2542 occupata

750 2550 878 2616 fuit
906 2572 1081 2616 nunc
1111 2551 1575 2617 incredibiliter
1625 2552 1934 2629 munitae,
1953 2574 1962 2581 ·
1982 2550 2232 2616 firmius
2266 2556 2333 2615 et
2362 2552 2575 2615 maius
2620 2549 3016 2632 praesidium

751 2646 969 2724 ponat,
1002 2647 1069 2707 et
1088 2642 1167 2707 de
1189 2641 1487 2726 ampliori
1518 2647 1834 2720 comeatu,
1865 2642 2141 2725 aliisque
2173 2641 2550 2708 necessariis
2582 2639 2836 2706 abunde
2869 2663 3014 2724 pro-

753 2733 1020 2814 spiciat3
1070 2732 1325 2798 Deinde
1373 2739 1448 2798 ut
1491 2733 1760 2798 Pauska
1793 2730 1940 2817 (sic)
1973 2734 2055 2798 ad
2087 2732 2484 2800 Ourlandiae
2533 2730 2693 2796 fines
2725 2732 2811 2796 sit
2839 2731 3016 2796 Azet

750 2822 1147 2887 Polonorum
1165 2873 1491 2888 ........
1538 2822 1930 2902 nobilitatas,
1981 2824 2368 2906 ingenioque
2418 2828 2486 2886 et
2533 2829 2772 2887 natura
2802 2823 3012 2886 muni-

752 2912 1035 2977 tissimas
1066 2913 1208 2996 pari
1241 2912 1647 2979 solicitudine
1679 2919 1746 2977 et
1773 2912 2113 2996 vigilantia
2157 2912 2496 2994 custodiat,
2530 2913 2624 2978 sic
2654 2913 2824 2977 enim
2857 2911 3012 2991 fore,

755 3009 828 3067 ut
858 3002 1073 3069 hostes
1100 3003 1429 3086 ingentem
1456 3004 1601 3068 auri
1622 3004 1874 3086 copiam
1905 3002 2314 3086 profundere,
2347 3010 2412 3068 et
2437 3005 2821 3068 immensum
2855 3008 3014 3067 tem-

752 3093 927 3175 poris
960 3095 1247 3176 spatium
1296 3114 1671 3159 consumere
1723 3100 2080 3178 opporteat,
2130 3099 2282 3159 ante
2331 3114 2530 3175 quam
2581 3092 2746 3158 alter
2789 3101 3010 3158 utrum

753 3185 818 3246 in
851 3189 1237 3266 potestatem
1280 3184 1597 3268 redigant,
1647 3205 1776 3266 quo
1825 3184 1952 3249 nisi
2000 3185 2335 3268 potiantur
2383 3184 2657 3249 Livonia
2688 3183 2754 3247 in
2785 3205 3014 3266 perpe-

750 3279 939 3338 tuum
970 3273 1213 3338 exclusi
1245 3277 1393 3352 sint,
1425 3279 1493 3338 et
1524 3275 1579 3338 si
1617 3293 1766 3339 vero
1807 3274 2072 3340 tandem
2102 3295 2218 3357 per
2248 3274 2442 3358 longa
2473 3273 3010 3339 detrimentorum

751 3369 817 3428 et
833 3384 1162 3428 morarum
1190 3364 1368 3429 tedia
1400 3384 1599 3428 unum
1635 3385 1713 3428 ex
1743 3365 1824 3430 iis
1855 3370 2187 3447 occupent,
2219 3365 2424 3447 ipsius
2457 3370 2673 3429 tamen
2693 3363 3008 3429 Livoniae

752 3453 1089 3518 securitati
1142 3455 1557 3520 circumcirca
1574 3505 1814 3519 ......
1837 3455 2370 3542 ,νᾶειίεείωὰεᾳιιθ
2401 3454 2577 3519 silvis
2611 3502 2816 3519 .....
2865 3475 3014 3519 con-

751 3543 1029 3609 suluisse
1062 3549 1139 3608 ut
1169 3542 1308 3609 Ser.
1340 3545 1511 3628 Regi
1562 3542 1825 3610 Suetiae
1859 3566 1898 3608 a
1928 3545 2323 3610 Polonorum
2373 3542 2618 3610 viribus
2658 3545 3012 3627 quicquam

750 3634 1167 3699 metuendum
1200 3635 1305 3698 sit.
1353 3633 1399 3699 S
1421 3655 1456 3699 e
1476 3657 1510 3699 c
1530 3657 1572 3699 u
1594 3657 1635 3698 n
1656 3635 1699 3700 d
1719 3656 1757 3699 o
1791 3641 1864 3700 ut
1893 3635 2180 3719 Magnus
2212 3635 2369 3700 Dux
2399 3634 2766 3700 Moscoviae
2798 3633 2882 3699 ad
2914 3656 3014 3699 re-

752 3723 1192 3806 cuperandam
1252 3724 1498 3790 Urbem
1548 3730 1612 3789 et
1661 3725 2113 3808 Principatum
2175 3724 2469 3792 Smolesk
2519 3730 2813 3808 ereptum
2863 3746 3010 3790 cum

748 3814 1023 3896 triginta
1069 3813 1332 3880 milibus
1382 3823 1784 3880 armatorum
1815 3817 2202 3898 egrediatur,
2253 3822 2318 3880 et
2354 3815 2524 3880 hosti
2555 3816 2885 3899 negotium
2917 3814 3012 3879 fa-

749 3910 977 3981 cessat,
1028 3909 1277 3992 contra·
1300 3925 1491 3988 quem
1541 3905 1934 3970 Lithuaniae
1991 3912 2196 3971 totam
2258 3905 2660 3971 nobilitatem
2706 3903 3012 3970 excubias

752 4014 944 4078 agere
976 4015 1233 4059 necesse
1264 3996 1365 4059 sit.
1400 3994 1455 4060 Τ
1479 4017 1513 4059 e
1534 4017 1567 4060 r
1588 3996 1715 4060 tio
1755 4003 1830 4061 ut
1867 3995 2057 4061 Ser¹²¹⁸
2087 3994 2226 4062 Sua
2258 4018 2404 4061 eum
2433 3997 2719 4060 exercitu
2749 4000 3010 4060 motura

750 4083 998 4168 Regem
1028 4085 1337 4150 Poloniae
1368 4083 1744 4169 ambiguum
1777 4092 1844 4151 et
1873 4107 2256 4170 suspensum
2278 4085 2523 4165 reddat,
2556 4107 2685 4170 quo
2706 4085 3010 4152 Silesiam

752 4195 973 4239 versus
1004 4173 1218 4258 Regni
1250 4176 1351 4240 sui
1383 4174 1619 4240 limites
1670 4197 2007 4259 nunquam
2039 4178 2198 4242 satis
2232 4182 2406 4242 tutos
2457 4197 2535 4241 ae
2585 4197 2841 4242 securos
2871 4175 3012 4239 fore

752 4285 1135 4346 persuasum
1172 4264 1426 4343 habeat,
1477 4285 1670 4349 quem
1718 4273 1966 4332 metum
2013 4273 2080 4331 et
2127 4267 2554 4350 suspicionem
2603 4266 3014 4331 vehementer

754 4360 1016 4418 auctum
1048 4355 1146 4437 iri,
1180 4356 1234 4419 si
1265 4377 1410 4420 cum
1444 4354 1810 4422 Serenitate
1843 4357 1980 4423 Sua
2009 4357 2220 4422 incliti
2251 4358 2453 4439 Regis
2491 4357 2756 4423 Suetiae
2789 4361 3011 4439 poten-

752 4445 912 4508 tiam
933 4445 1237 4528 eonjungi
1256 4446 1782 4512 animadverteat.
1816 4445 1940 4512 Oui
1973 4448 2254 4524 accedat,
2295 4447 2468 4529 quod
2496 4448 2874 4511 ultimorum
2908 4467 3020 4510 co·-

752 4534 1083 4598 mitiorum
1115 4535 1373 4600 decreta
1416 4536 1555 4618 jam
1606 4539 1776 4620 typis
1827 4537 2101 4620 publicis
2153 4539 2328 4602 edita
2367 4537 2720 4602 clarissime
2753 4535 3010 4600 demon-
