3459 5300
1050 424 1233 479 1626.
1258 429 1523 477 undatim
1562 431 1920 477 σειεκτὲειικ.
2489 425 2611 479 193

370 594 507 659 belli
558 597 626 660 in
676 596 963 677 ordinem
998 595 1331 660 redactum
1383 597 1482 674 iri,
1532 616 1659 678 quo
1703 597 1881 679 justo
1934 596 2240 673 futurum,
2289 604 2364 661 ut
2392 595 2618 661 Ferdi-

367 685 550 749 nandi
591 708 820 751 nomen
853 693 921 751 et
946 688 1301 759 auctoritas
1332 688 1398 750 in
1432 686 1848 751 celeberrimo
1899 687 2127 769 Regno
2175 688 2432 771 penitus
2465 686 2614 750 vile-

368 784 509 853 scat,
560 779 879 843 maximus
928 774 1299 860 Ungaricae
1338 775 1691 840 nobilitatis
1741 798 2044 840 numerus
2077 775 2160 839 ad
2195 776 2436 841 Vesirii
2470 799 2616 860 par-

364 871 451 930 tes
478 873 774 932 transeat
806 872 872 931 et
902 866 1343 931 conscribendi
1394 866 1619 933 militis
1670 867 1920 931 occasio
1971 865 2338 932 Austriacis
2371 867 2618 951 praeci-

364 956 593 1038 piatur.
644 956 939 1023 Secundo
970 963 1045 1023 ut
1074 956 1297 1021 eodem
1346 978 1563 1021 mense
1608 954 1914 1040 Augusto
1963 955 2216 1022 Obassa
2264 956 2617 1023 Bosnensis

362 1067 499 1111 cum
561 1048 911 1113 octodecim
974 1045 1233 1112 milibus
1306 1046 1836 1112 electissimorum
1915 1045 2194 1111 militum
2265 1045 2616 1123 Oroatiam,

361 1134 749 1201 Carnioliam
782 1144 847 1202 et
878 1135 1240 1202 Oai-intiam
1274 1137 1554 1215 invadat,
1598 1136 1996 1203 hereditatas
2035 1135 2334 1203 Caesaris
2367 1139 2618 1220 provin-

359 1226 484 1291 cias
516 1227 689 1292 ferro
720 1227 1125 1310 flammisque
1174 1232 1501 1311 pervastet
1532 1234 1595 1292 et
1628 1248 1885 1292 accesas
1936 1228 2226 1292 civitates
2273 1228 2612 1311 praesidiis

362 1338 521 1381 nunc
554 1339 806 1399 vacuas,
856 1320 1245 1400 penitusque
1283 1318 1631 1383 exhaustas
1680 1320 1748 1381 in
1799 1324 2182 1401 potestatem
2235 1318 2504 1401 redigat,
2536 1324 2612 1381 ut

356 1406 489 1489 ipso
522 1406 1023 1473 Austriacorum
1060 1408 1451 1493 patrimonio
1482 1407 1841 1483 laborante,
1891 1413 1957 1471 et
1989 1406 2288 1489 periculis
2321 1410 2610 1490 exposito

357 1498 415 1560 in
462 1495 827 1563 Germania
874 1496 1280 1581 Ligistarum
1327 1498 1493 1563 vires
1548 1497 1995 1563 distrahantur
2045 1505 2110 1563 et
2157 1497 2610 1563 Ferdinandus

356 1584 597 1653 Caesar
644 1588 932 1671 undique
988 1595 1283 1671 angatur.
1347 1588 1587 1666 TertiO,
1637 1594 1710 1653 ut
1761 1588 1928 1653 alius
1978 1590 2241 1671 insuper
2291 1588 2610 1653 exercitus

354 1680 589 1760 partim
645 1679 924 1763 Ungaris
958 1679 1199 1762 partim
1250 1678 1480 1744 Turcis
1514 1685 1830 1748 constans.
1883 1679 2078 1743 etiam
2126 1685 2351 1743 contra
2383 1700 2613 1743 novam

354 1788 564 1833 arcem
594 1766 935 1847 Austriaci
966 1770 1293 1853 negotium
1326 1768 1618 1850 facessat,
1652 1776 1716 1833 et
1747 1767 1830 1834 ad
1863 1790 2081 1833 omnes
2113 1768 2396 1851 undique
2430 1789 2610 1833 occa-

355 1858 563 1924 siones
596 1865 931 1943 promptus
982 1860 1101 1940 sit3
1152 1866 1218 1923 et
1268 1860 1323 1923 si
1370 1859 1535 1923 forte
1585 1859 1769 1923 miles
1803 1860 1869 1923 in
1901 1859 2278 1941 obsequium
2329 1858 2612 1923 confluat

259 1960 267 1969 ’
365 1999 605 2015 ......
649 1954 834 2033 petat
882 1948 1157 2014 finitima
1204 1948 1693 2032 propugnacula
1737 1970 1866 2015 non
1917 1970 2118 2031 usque
2167 1949 2328 2015 adeo
2360 1950 2609 2014 munita

350 2037 507 2103 bene
540 2088 555 2103 .
591 2091 604 2104 .
636 2088 649 2102 .
684 2089 699 2103 .
750 2046 815 2105 et
845 2039 1313 2123 provisionibus
1352 2038 1599 2105 bellicis
1634 2060 1838 2123 aeque
1871 2038 2222 2104 emundata
2259 2038 2606 2114 obsidione,

352 2134 709 2213 spontanea
727 2129 1053 2194 deditione
1085 2130 1151 2193 in
1174 2128 1397 2195 Ser¹¹¹²¹⁹
1439 2127 1860 2195 Celsitudinis
1894 2130 2066 2195 Suae
2099 2128 2290 2194 fidem
2323 2129 2612 2211 recipiat,

350 2228 419 2284 ut
448 2227 777 2285 annuente
825 2220 971 2284 Deo
1001 2219 1122 2285 tali
1152 2221 1401 2285 ratione
1433 2220 1555 2285 hoc
1586 2240 1756 2284 anno
1808 2218 2050 2285 Caesar
2082 2220 2304 2303 paucis
2351 2218 2607 2283 arcibus

353 2312 635 2395 exceptis
668 2310 843 2375 omni
874 2310 1007 2374 fere
1039 2308 1365 2393 Ongariae
1398 2310 1709 2393 ejiciatur,
1744 2310 1916 2393 quod
1947 2314 2023 2374 ut
2055 2310 2284 2393 maj0ri
2319 2330 2614 2375 successu

348 2399 479 2479 fiat,
504 2399 976 2465 Cisdanubium
994 2421 1218 2465 versus
1240 2398 1509 2466 Stiriam
1530 2407 1595 2465 et
1613 2400 1979 2465 inferiorem
2000 2397 2344 2465 Austriam
2367 2400 2612 2482 pariter

348 2513 491 2556 cum
542 2489 865 2555 horrendo
914 2492 1194 2574 strepitu
1243 2511 1569 2555 armorum
1587 2541 1913 2555 ........
1961 2510 2090 2573 quo
2121 2511 2274 2555 casu
2325 2489 2610 2555 defuncti

350 2582 601 2646 comitis
648 2581 988 2647 Bathianii
1050 2580 1244 2645 vidua
1302 2582 1371 2645 in
1431 2601 1498 2645 se
1562 2580 1912 2646 desiderari
1977 2580 2324 2664 quicquam
2386 2601 2610 2665 passu-

346 2694 420 2736 ra
465 2673 573 2752 sit,
619 2672 899 2738 foemina
946 2678 1175 2756 potens
1224 2677 1288 2736 et
1333 2672 1503 2736 virili
1561 2672 1794 2756 spiritu
1846 2671 2346 2756 Austriacisque
2409 2670 2609 2736 infen-

346 2763 603 2828 sissima
664 2761 746 2828 ob
807 2763 1182 2827 memoriam
1242 2762 1561 2828 exercitae
1614 2763 1681 2826 in
1733 2769 2004 2845 patrem,
2071 2767 2462 2845 patrumque
2515 2783 2608 2826 sc-

346 2854 557 2918 vitiae.
610 2851 863 2935 Quarto
896 2858 970 2917 ut
1002 2852 1141 2919 Ser.
1195 2851 1400 2916 Oels⁶⁰
1453 2851 1593 2918 Sua
1640 2853 1860 2917 eodem
1899 2874 2114 2918 mense
2153 2851 2204 2918 J
2205 2851 2338 2917 ulio
2371 2853 2436 2916 in
2468 2873 2609 2935 per·

348 2964 505 3008 sona
554 2964 703 3008 cum
756 2964 1095 3008 numeroso
1128 2950 1193 3007 et
1225 2943 1503 3008 exercito
1554 2945 1850 3025 equitatu
1883 2965 2018 3025 su0,
2069 2964 2144 3007 ac
2195 2942 2349 3007 flore
2383 2942 2609 3006 nobili-

348 3034 501 3098 tatis
563 3033 936 3116 Ungaricae
1001 3033 1368 3100 Siculorum
1428 3039 1493 3099 et
1546 3033 1900 3098 liberorum
1962 3032 2356 3116 Haydonum
2412 3033 2607 3097 etiam

349 3123 598 3206 aliquot
626 3123 921 3206 peditum
954 3122 1214 3189 milibus
1258 3122 1557 3190 Silesiam
1589 3144 1810 3188 versus
1843 3130 2089 3188 rectum
2125 3123 2246 3188 iter
2280 3122 2608 3206 suscipiat,

350 3212 517 3296 quod
550 3235 699 3278 cum
731 3213 813 3278 ob
844 3214 1237 3297 periculosos
1270 3213 1485 3278 aditus
1534 3220 1599 3278 et
1646 3213 2106 3296 angustissima
2136 3213 2278 3278 loca
2309 3211 2622 3304 difficilli7

350 3326 520 3368 mum
554 3305 659 3382 sit,
692 3302 1024 3369 Serenitas
1056 3302 1195 3370 Sua
1226 3324 1445 3395 omnes
1464 3303 1772 3388 dynastas
1805 3304 1918 3386 qui
1949 3305 2120 3368 inter
2153 3303 2511 3385 asperrima
2543 3308 2608 3365 et

347 3399 701 3478 praerupta
728 3395 981 3458 viarum
1012 3395 1296 3460 munitas
1329 3415 1509 3460 arces
1540 3392 1799 3474 habent,
1833 3399 1898 3458 et
1919 3395 2238 3458 exercitus
2257 3394 2605 3458 transitum

350 3485 689 3566 prohibere
739 3491 1027 3567 possunt,
1091 3484 1406 3567 singulari
1458 3484 1798 3549 clementia
1860 3484 2360 3568 ingentibusque
2421 3482 2606 3546 donis

349 3597 460 3657 per
490 3581 591 3640 tot
622 3576 961 3640 continuos
980 3595 1181 3638 annos
1216 3575 1281 3638 in
1313 3573 1438 3638 fide
1459 3581 1524 3638 et
1544 3573 1852 3658 obsequio
1885 3575 2167 3652 retinuit,
2205 3580 2278 3638 ut
2311 3572 2604 3638 liberium

350 3665 577 3730 itinere
627 3685 879 3748 semper
929 3671 994 3729 et
1042 3664 1283 3746 ubique
1334 3664 1647 3729 montium
1698 3665 1970 3730 istorum
2021 3665 2224 3730 faucis
2267 3671 2606 3746 penetrare

337 3763 409 3820 et
439 3779 590 3822 cum
622 3755 939 3820 universis
970 3755 1213 3819 viribus
1248 3759 1517 3836 totaque
1550 3753 1703 3819 belli
1735 3754 1901 3819 mole
1934 3753 2430 3819 Austriacorum
2465 3774 2608 3836 pro-

348 3847 589 3911 vincias
621 3851 769 3910 tuta
802 3851 867 3910 et
898 3865 1128 3910 secura
1158 3845 1410 3927 ingredi
1442 3851 1655 3927 queat.
1696 3845 1898 3910 Motis
1941 3845 2140 3927 igitur
2172 3864 2213 3909 a
2244 3841 2606 3910 Serenitate

348 3935 480 4002 Sua
512 3937 785 4014 castris;
814 3941 1042 4000 mutuo
1076 3940 1359 4000 tractatu
1392 3934 1668 4000 firmiter
1698 3934 2044 4012 decretum,
2081 3940 2152 3999 ut
2179 3935 2606 3998 amicissimus

348 4035 405 4090 et
435 4026 998 4092 constantissimus
1048 4026 1193 4090 Rex
1244 4023 1517 4090 Sueciae
1572 4025 1796 4090 eodem
1843 4022 2130 4107 tempore
2162 4025 2298 4106 ipse
2347 4039 2606 4106 quoque

348 4139 489 4182 cum
522 4115 795 4200 triginta
842 4115 1051 4180 tribus
1101 4114 1388 4180 millibus
1438 4114 2008 4180 selectissimorum
2058 4113 2362 4197 peditum,
2396 4121 2462 4178 et
2494 4115 2605 4177 tri-

347 4206 463 4271 bus
480 4205 771 4272 millibus
804 4207 1117 4288 equitum,
1148 4211 1586 4270 trecentarum
1616 4206 1879 4270 navium
1912 4205 2115 4270 classe
2141 4225 2256 4286 per
2275 4203 2602 4268 Balticum

343 4318 521 4382 *mare
554 4297 621 4361 in
655 4296 1107 4361 Pomeraniam
1143 4294 1241 4359 vel
1270 4294 1966 4378 Brandenburgensem
2006 4297 2440 4378 principatum
2473 4301 2604 4358 tra-

346 4385 523 4466 jiciat
557 4393 623 4452 et
652 4385 1063 4451 celerrimum
1095 4384 1673 4468 fidelissimumque
1692 4437 1930 4450 ......
1969 4386 2124 4450 litus
2145 4393 2343 4466 petat,
2375 4384 2604 4448 deinde

354 4497 461 4557 per
504 4476 735 4542 adfinis
785 4477 888 4540 sui
937 4475 1262 4541 Electoris
1312 4476 1962 4558 Brandenburgensis
2013 4477 2288 4540 ditiones
2339 4476 2601 4557 pacifice

352 4575 651 4632 transeat.
702 4567 865 4630 etin
900 4565 1197 4632 Silesiam
1238 4565 1601 4644 contendat,
1653 4565 1760 4629 ubi
1815 4567 2171 4649 conjunc-tis
2213 4565 2454 4628 viribus
2489 4588 2604 4646 pro

440 4701 681 4738 umnam:
716 4703 771 4738 o.
802 4703 1051 4737 navam-21.
2327 4699 2386 4740 125
